2220 3870
432 262 435 279 ,
451 145 747 247 Memorabilium„

181 314 472 417 Contemplativi
490 315 666 393 direslore
680 339 773 416 opus
786 315 936 406 habent.
952 313 981 392 1.·
994 336 1055 414 24.

184 418 458 516 Contemplatio
481 419 628 500 artuum
647 419 792 495 suorum
808 419 1057 507 elevationem

129 540 155 593 a
180 519 341 614 Spiritus
358 521 482 598 Santli
510 521 617 596 donis
639 522 784 617 accipit.
811 520 838 594 Ι.
853 517 1053 616 56.&seq.

182 621 454 718 Contemplatio
490 624 671 705 bonorum
702 621 948 703 'omniumoin
981 618 1055 694 hac

126 721 207 797 vita
230 724 438 812 maximum
460 722 530 811 else
558 723 807 811 austoritate,
842 721 882 800 dc
908 720 1054 801 ratione

125 823 410 907 demonstratura
431 823 478 900 II.
509 852 543 900 2.
616 825 690 913 Qui
716 849 738 901 a
762 825 842 900 Deo
874 825 923 900 ad
947 822 1052 900 illam
1090 836 1092 841 ’

124 938 316 1013 vocatur,
349 950 425 1001 non
447 927 558 1003 debet
588 949 612 1024 a
637 926 813 1015 diretlore¹
842 925 888 1002 ab
914 948 960 1003 ea
984 924 1052 1001 de·
1081 948 1085 961 ¹

115 1026 211 1103 iduci
232 1050 338 1117 ,nec
363 1028 577 1116 introduci,
611 1029 675 1126 qui
701 1053 776 1103 non
800 1020 966 1104 iocatur.
1001 1024 1050 1103 ΙΙ.

128 1134 187 1204 16.
213 1127 363 1229 &sequ
439 1131 536 1206 Cum
564 1153 610 1207 ea
630 1127 782 1218 deficit,
822 1130 948 1205 anima
972 1151 1051 1210 non
1106 1139 1107 1143 '

123 1229 303 1329 obstinate
323 1232 362 1305 in
384 1231 448 1307 illa
473 1232 614 1307 haerere
636 1245 796 1328 quaerat,
820 1229 882 1306 sed
901 1231 951 1308 ad
968 1251 1049 1308 me·

119 1331 342 1407 ditationem
365 1334 505 1410 redeat.
531 1333 578 1408 11.
593 1358 654 1430 aq.
737 1412 740 1417 ,
796 1347 797 1350 ’

170 1431 445 1531 Contemplatio
470 1434 672 1523 delinitur,'
703 1431 972 1530 &explicatur
1005 1431 1048 1509 iu

122 1541 197 1629 quo
220 1533 317 1611 fixus
347 1535 423 1619 illel
438 1535 596 1612 intuitus
622 1535 932 1633 contemplativus
959 1557 1047 1609 con·

119 1637 244 1725 sistat,
275 1636 314 1712 dt
339 1640 525 1732 quomodo
546 1636 728 1734 perhanc
752 1662 774 1712 a
801 1634 1046 1712 meditatione

116 1735 286 1829 differat,
313 1737 352 1815 dr
379 1761 444 1813 cur
462 1736 566 1814 simul
585 1737 731 1814 dulcem
752 1738 860 1813 valde
878 1754 1045 1829 amorem

118 1841 315 1927 involvat,
341 1838 380 1917 dt
406 1830 598 1936 quomodo
614 1860 679 1938 per
701 1840 802 1917 hunc
833 1838 1044 1938 asperula

118 1943 221 2016 tione
238 1942 399 2037 quadam
419 1941 571 2040 simplici
590 1938 747 2023 differat.
775 1941 820 2031 ll.
838 1967 904 2038 32.·
917 1939 1041 2037 &seq

115 2044 202 2122 Non
226 2043 276 2120 est
293 2057 441 2142 tempus
463 2043 750 2120 determinatum
760 2065 869 2143 quo
867 2043 924 2120 ad
942 2043 1042 2121 hanc

115 2143 266 2221 transire
284 2145 406 2223 liceat
432 2145 478 2222 ll.
506 2151 622 2245 67.

166 2247 439 2344 Contemplatio
475 2247 695 2325 dividitur
685 2267 726 2320 m
757 2241 970 2340 acquisitam
1000 2240 1042 2327 dr

113 2345 195 2423 insu
197 2345 295 2421 sam:
340 2348 429 2440 quid
463 2345 510 2424 s1t
539 2336 740 2442 acquifita,
780 2345 869 2440 quid
908 2344 1038 2425 infusa.
1102 2395 1107 2425 2

113 2448 192 2524 Cur
211 2444 329 2522 infusa
351 2448 526 2536 dicatur,
552 2448 592 2522 in
613 2447 746 2541 quibus
769 2460 929 2541 utraque
950 2469 1039 2523 con
1100 2477 1103 2486 ·

112 2552 259 2638 veniat,
285 2547 353 2624 &
343 2571 382 2623 ιιι
403 2547 537 2644 quibus
559 2546 746 2646 discrepet
774 2547 818 2623 ΙΙ.
834 2553 894 2633 68.
913 2555 973 2641 60.
998 2546 1039 2626 dr

111 2652 185 2746 seq
235 2650 330 2727 Haec
356 2647 399 2726 fit
420 2650 480 2725 vel
499 2673 564 2748 per
589 2651 823 2747 cognitiones
848 2642 1039 2727 affirmati·

111 2776 210 2841 vas,
236 2751 297 2828 vel
322 2753 547 2848 negativas,
572 2749 635 2829 seu
661 2765 704 2827 ut
722 2751 786 2829 alii
815 2750 945 2826 dicunt
970 2772 1038 2849 per

111 2809 328 2953 posrtionem
344 2852 384 2930 dc
400 2854 648 2949 negationem.
695 2852 950 2952 Explicantur
955 2876 1036 2932 am·

103 2954 216 3039 boin
238 2955 352 3030 modi.
380 2954 424 3030 ΙΙ.
447 2971 505 3042 80.
533 2953 571 3030 dt
598 2953 668 3050 seq.

159 3057 433 3154 Contemplatio
460 3054 642 3154 triplicem
667 3055 781 3132 habet
808 3066 953 3132 motum
976 3077 1033 3132 rc·

69 3162 228 3242 aslum,
255 3158 468 3269 obliquum,
494 3157 532 3234 dt
558 3155 784 3245 circularem.
833 3156 1034 3256 Explican
1031 3166 1043 3243 ,’
1078 3156 1081 3166 ’

106 3277 170 3341 tur
193 3259 234 3332 hi
259 3262 396 3335 motus.
421 3258 466 3335 ll.
497 3265 555 3344 86.
580 3257 716 3356 &seq

159 3359 434 3465 Contemplatio
459 3359 652 3563 acqgrsrlta.
685 3361 803 3445 Haec
822 3385 847 3443 a
868 3322 1035 3579 pseurfipma

623 3484 647 3561 5
