2220 3870
237 165 421 310 pudica
448 199 525 310 pto
558 165 785 275 diradare,
943 196 1038 298 49.

72 367 117 421 nr
142 341 257 420 simul
283 342 405 417 cordis
440 341 625 419 avulsione
644 342 884 442 perseverare.
923 342 1003 423 Un-

73 446 115 522 de
157 444 202 521 S.
258 443 450 541 Philippus
500 444 636 520 Nerius
682 445 856 543 praeclare
892 444 1001 538 dixit,

71 545 221 622 difficile
259 541 329 620 effe
365 546 463 629 inter
496 546 653 621 visiones
688 545 751 622 fibi
788 548 1002 626 nullatenus

76 646 322 745 complacere,
344 641 529 726 diflicilius
561 647 629 721 sese
661 649 708 724 iis
733 673 809 724 non
847 665 998 748 reputa·
1060 740 1063 745 ¹

73 769 113 824 re
133 750 315 847 dignum,
346 748 384 827 dt
412 746 668 825 difficillimum
696 748 743 823 iis
774 748 844 823 sese
877 750 999 827 omni·

71 850 176 946 genis
212 848 408 939 indignum
439 852 606 937 credere,
632 875 677 926 ac
712 846 895 949 ejusmodi
917 851 999 930 sua·

70 953 212 1029 vitates
236 964 380 1024 naturae
417 951 549 1039 nostrae
579 954 627 1027 ad
652 974 910 1047 quamcunque
932 955 998 1030 de·

73 1049 324 1129 sedationem.
351 1051 472 1127 avidae
510 1054 603 1128 adeo
638 1053 869 1129 blandientes
901 1054 998 1152 pati·

72 1155 207 1242 entiae,
235 1151 477 1242 obedientiae,
519 1153 557 1231 dt
601 1156 805 1229 contemtui
853 1156 996 1253 postpo-

11 1260 16 1337 ζ
69 1278 176 1348 nere;
209 1269 319 1352 prout
356 1265 501 1342 tamen,
534 1255 670 1351 siquis
707 1255 816 1330 solide
846 1257 886 1331 in
921 1256 996 1331 vir·

11 1346 18 1394 ⁸
70 1358 217 1433 tutibus
242 1353 418 1452 proficere
452 1356 560 1445 velit,
584 1354 664 1431 fieri
692 1369 847 1453 oportet.
900 1357 995 1443 Quis

10 1459 22 1479 “
70 1456 197 1554 itaque
221 1480 298 1533 non
319 1456 509 1554 perspicit,
540 1473 766 1555 quantopere
795 1457 833 1534 dt
855 1457 995 1535 animae

10 1543 22 1659 ἶ
73 1556 298 1634 conveniens
314 1557 352 1634 &
372 1558 451 1634 Deo
484 1576 632 1656 gratum
659 1558 767 1647 iit,s1
798 1558 924 1635 anima
956 1556 995 1635 se

10 1672 22 1770 ζ
70 1682 132 1759 per
177 1659 276 1736 adeo
314 1659 533 1735 luminosum
580 1660 859 1739 &deliciosum
908 1659 993 1751 iter,
1051 1752 1053 1757 ,

10 1776 20 1794 '
71 1758 186 1856 quale·
216 1759 427 1855 divinorum
470 1761 806 1838 blandimentorum
837 1763 900 1838 via
928 1760 995 1853 est,

10 1878 18 1908 ’
66 1860 317 1951 introdusiam
353 1862 501 1951 videat,
540 1863 578 1941 δι
610 1888 658 1939 ex
684 1866 839 1961 propriae
865 1862 993 1959 fragil-

10 1962 18 1981 '
64 1962 188 2041 litatis
217 1962 352 2039 timore
385 1986 450 2061 per
493 1964 585 2040 iliud
623 1966 794 2043 incedere
832 1964 993 2054 recuset,
1069 2043 1076 2059 ,

9 2064 31 2089 ''
63 2064 167 2162 sique
194 2087 261 2161 per
284 2064 406 2161 magis
428 2064 674 2154 tenebrosam,
696 2066 733 2142 dt
764 2065 887 2140 minus
910 2064 993 2141 sua·

9 2164 15 2263 J
67 2190 154 2243 vern
193 2187 298 2263 purae
327 2164 415 2241 fidei
443 2167 544 2243 viam
588 2169 674 2242 duci
709 2167 885 2241 instanter
923 2189 992 2264 po-

9 2286 13 2301 ·
67 2266 178 2345 stolet
213 2266 287 2343 sola
313 2291 360 2344 ea
388 2269 435 2343 de
468 2266 598 2355 causa,
627 2269 725 2363 quod
750 2292 832 2343 eam
864 2267 992 2345 minus

9 2362 11 2379 '
66 2368 310 2485 periculosam
333 2367 402 2444 effe
428 2368 618 2465 agnoscat,
644 2369 682 2446 dt
711 2390 776 2466 per
807 2392 889 2443 earn
910 2391 992 2443 ma·

66 2472 136 2569 Jori
173 2493 263 2563 epm
301 2468 494 2553 securitate
523 2471 573 2546 ad
613 2471 734 2545 Deum
783 2469 994 2568 pertingere

67 2568 214 2671 speret?
265 2569 416 2662 Altera,
441 2573 487 2647 ob
518 2593 631 2667 quam
661 2571 824 2647 animam
846 2571 917 2646 hac
931 2592 993 2646 ra·

67 2675 170 2751 tione
200 2672 311 2768 dirigi
332 2673 524 2760 convenit,
557 2672 653 2775 ratio
690 2672 741 2748 est
756 2674 851 2749 bona
877 2669 992 2747 affue-

66 2776 179 2865 tudo,
210 2774 274 2850 cui
300 2773 520 2850 inducendae
551 2797 641 2848 mox
671 2774 718 2850 ab
749 2773 878 2859 initio,
899 2772 991 2849 dum

65 2874 253 2965 senfibiies
286 2877 427 2971 gratias
465 2876 627 2972 recipere
661 2874 810 2972 incipit,
847 2872 991 2949 studere

59 2978 191 3055 debet.
239 2975 285 3053 Si
325 2976 475 3074 persona
519 2977 620 3051 enim
662 2976 743 3051 Deo
781 2975 993 3070 frequenter

69 3077 272 3179 supplicare
297 3072 489 3165 assuescat,
515 3090 557 3153 ut
589 3076 771 3173 ejusmodi
807 3076 946 3172 gratias
967 3099 992 3153 a

56 3178 102 3257 ‚se
127 3201 345 3265 removere,
379 3177 418 3257 dt
445 3180 528 3255 aliis
550 3179 787 3277 ,dignioribus
827 3177 992 3252 conferre

56 3284 270 3377 dignetur,
303 3284 350 3359 ab
381 3284 428 3355 iis
462 3272 708 3355 desiderandis
744 3281 844 3354 stand
882 3278 993 3352 dubie

57 3386 180 3469 ‚valde
215 3383 268 3479 est
288 3382 449 3483 remota:
482 3381 582 3479 sique
604 3382 719 3489 ¹Deus
756 3380 844 3457 dein
878 3374 993 3452 similo

100 3474 296 3585 ,mu
475 3474 519 3567 1)
860 3476 985 3581 quin*
