2220 3870
105 172 138 259 a
332 132 406 236 Tr.
424 136 496 237 W.
544 130 785 243 introdusit

100 307 187 389 sunt
207 304 385 395 visiones,
411 324 567 403 quarum
593 332 768 405 operes,
795 333 888 410 quas
913 316 1017 392 Deus

102 409 335 488 manifestare
354 408 452 496 vult,
478 429 589 503 quam
607 410 812 509 clariffime‚
839 415 878 492 dt
904 441 1016 512 quam

99 509 355 589 ddunuiffime
379 508 658 608 conspiciuntur.
718 515 840 591 Tales·
855 516 938 594 sunt
963 521 1017 595 lo·

100 615 290 699 curiones,
326 611 459 708 quibus
485 612 641 707 quodvis
665 617 837 706 verbum,
859 619 898 694 uc
915 640 1017 716 qure-

99 721 160 793 vis
185 713 350 813 syllaba,
385 714 518 808 quibus
544 714 647 791 Deus
672 717 836 795 animam
862 720 1017 817 alloqui-

97 828 180 904 tur,
207 816 304 892 clare
328 813 565 910 intelligitur,
591 813 631 891 &
654 819 831 894 veritates
854 817 1016 919 ejusmo-

97 919 139 1006 di
163 916 286 992 verbis
319 914 531 1011 significatae
556 917 687 993 eadem
712 921 879 1019 claritate
905 947 1017 1020 pene·

96 1030 253 1096 trantur.
303 1014 407 1091 Idem
423 1017 621 1093 dicendum
645 1019 692 1094 de
715 1022 1014 1114 revelationibus,

96 1118 325 1222 prophetiis,
361 1141 406 1194 ac
441 1117 524 1194 aliis
549 1118 707 1214 gratiis,
744 1144 828 1218 quae
853 1125 1013 1214 animae,

95 1224 188 1299 dum
216 1222 319 1297 Deus
345 1241 430 1295 eam
468 1216 655 1295 favoribus
687 1224 875 1299 cumulare
906 1227 1011 1315 vult,

93 1344 172 1402 non
207 1344 300 1413 raro,
324 1343 390 1420 per
415 1319 530 1403 distas
562 1318 719 1399 visrones
743 1323 782 1402 br
806 1325 1013 1404 locutiones

95 1439 243 1528 aperte,
268 1421 308 1502 δι
322 1422 395 1500 stne
412 1418 629 1505 obscuritate
655 1427 985 1508 communicantur.

93 1652 141 1717 a,
160 1624 269 1788 Ne
292 1622 447 1701 miretur
469 1621 663 1715 Diretior,
696 1625 722 1702 sr
746 1626 929 1727 ejusmodi
955 1632 1012 1706 vi·

258 1723 419 1813 sones,
460 1747 504 1800 ac
544 1727 750 1802 locutiones
785 1733 1012 1826 contempla-

90 1827 206 1906 tionis
231 1826 405 1924 gradibus
432 1826 691 1904 accenseamus
709 1851 733 1914 ε,
751 1830 842 1924 quia
868 1831 1012 1928 reapse,

89 1929 383 2028 quotiescunque
409 1925 482 2003 five
509 1929 708 2030 exteriori,
744 1927 817 2005 five
844 1932 1010 2012 interiori

87 2032 210 2110 nostro
235 2029 382 2128 obtutui
413 2051 538 2105 rerum
572 2030 781 2106 divinarum
807 2033 1010 2129 quidquam

87 2129 398 2232 repraesentatur,
425 2131 550 2206 anima
575 2131 615 2207 id
638 2144 764 2207 mente
789 2130 841 2209 ibi
866 2134 1008 2227 defixa,

87 2234 130 2313 ἀ
165 2255 252 2311 cum
289 2231 534 2308 admiratione
566 2230 606 2309 dc
643 2254 730 2308 cum
767 2233 1009 2313 deletiatione

48 2378 57 2392 ·
88 2334 383 2433 contemplatur:
410 2330 450 2408 br
473 2334 563 2408 dum
580 2334 650 2407 Dei
688 2336 800 2412 verba
825 2336 1007 2414 ausculta·

86 2458 195 2525 mus,
215 2438 293 2511 Deo
320 2433 615 2530 nobis'loquenti
640 2457 777 2532 magna
802 2459 886 2512 cum
904 2441 1008 2533 quie·

84 2549 125 2616 te
152 2537 403 2623 attendimus,
439 2534 478 2611 bc
512 2537 552 2612 in
584 2534 659 2634 ipsa
693 2537 764 2612 hac
800 2540 1007 2614 attentione

86 2639 186 2717 circa
211 2639 388 2716 veritates
419 2654 484 2735 per
515 2636 730 2735 hujusmodi
762 2640 874 2715 verba
898 2641 1009 2717 nobis

84 2741 288 2840 pateiattas
313 2738 452 2835 semper
483 2737 586 2814 attus
619 2739 941 2835 contemplationis
967 2766 1007 2816 e·

83 2842 248 2919 licirnus.
323 2841 552 2937 Quapropter
587 2839 628 2915 in
653 2839 835 2938 ejusmodi
860 2840 1008 2919 visioni·

83 2943 182 3031 bus,
209 2966 254 3019 ac
279 2941 528 3019 locutionibus
552 2960 653 3016 verre
678 2940 816 3039 semper
840 2954 1007 3017 contem-

82 3045 261 3225 ffiionis
300 3041 402 3119 astus
438 3042 707 3125 interveniunt,
783 3042 880 3119 Cum
915 3067 1018 3127 vero·

180 3168 220 3223 m
244 3143 445 3222 veritatum
470 3143 800 3240 contemplationes
834 3167 879 3220 ac
904 3146 1006 3245 obje-

24 3294 28 3300 ·
84 3246 144 3326 &a
165 3272 241 3325 non
264 3247 304 3322 in
327 3244 532 3334 abstrusio,
567 3242 746 3334 obscure,
782 3247 890 3321 acin
915 3248 1006 3324 cali·

83 3351 177 3462 qine
209 3349 360 3453 (lmus.
383 3345 441 3440 ia...
462 3345 652 3459 stadim
681 3345 1017 3535 contemplandum..
