2220 3870
35 228 39 232 ,
122 115 243 271 ’370
358 132 426 232 Τν.
454 128 504 234 V.
535 72 648 266 dap..
677 133 730 230 V.
755 65 935 270 Effitlui
1011 59 1016 67 ›

141 322 251 390 taxat
276 298 382 404 duies
407 304 523 381 animi
549 303 601 380 est
633 301 852 398 neeeliaria3
884 320 930 383 ut
953 329 1060 384 nemo

141 439 220 492 non
254 409 359 485 scit:⁴
380 408 502 482 virum
534 406 741 482 litteratum
778 408 1061 486 vehementibus

121 512 278 611 ‘agitari
304 507 520 605 paffionibus
548 506 685 597 sufficit,
706 520 755 583 'ut
780 511 829 583 ad
840 512 1061 588 mentemin

139 611 474 716 philosophicarum
510 610 711 686 veritatum
746 608 863 685 studio
900 612 1070 709 defigen·‚

139 717 232 794 dam
258 714 406 809 ineptus
432 712 653 787 inveniatur.
702 711 803 786 Hinc
828 711 941 788 letior
970 714 1062 813 judi·

141 832 204 895 cet
230 815 367 900 uelim,
401 825 626 910 quantopere
666 813 772 908 quies
797 812 879 889 haec
905 816 1062 894 neceru-

140 919 199 996 ria
232 915 303 1004 srt,
339 913 379 990 dt
416 937 528 1010 quam
566 914 711 1011 placida
735 936 779 990 ac
805 914 929 992 serena
958 924 1061 995 mens

139 1018 213 1097 'elie
239 1019 373 1093 debeat
394 1019 446 1106 ,ad
472 1014 799 1114 supernaturalium
823 1030 880 1093 tot
894 1011 1063 1116 parasan-

87 1143 106 1161 ²
140 1122 202 1220 gis
236 1119 549 1219 eminentiorum,
583 1141 628 1193 ac
654 1116 905 1207 sublimiorum
939 1143 1062 1198 rerum

138 1220 504 1319 contemplationem.
556 1218 686 1308 Adde,
713 1220 812 1314 quod
836 1224 1063 1321 contempla·

137 1325 196 1401 tio
233 1338 368 1422 praeter
405 1333 570 1396 mentem
600 1321 641 1396 in
676 1321 755 1395 Deo
781 1320 945 1421 defixam
971 1324 1062 1402 divi·

138 1431 232 1504 uum
257 1426 372 1514 etiam
397 1420 567 1498 affectum
591 1421 779 1511 involvat,
803 1422 852 1498 ad
877 1424 989 1522 cujus
1008 1448 1062 1503 re·

137 1527 349 1625 ceptionem
375 1525 501 1600 anima
523 1545 590 1621 per
611 1522 808 1622 perfeiiam
824 1524 1059 1605 serenitatem

137 1630 212 1729 rite
234 1624 401 1725 disposrta
425 1626 652 1720 requiritur..
686 1625 826 1725 V‘erum
848 1648 936 1722 quae
970 1629 1060 1706 sere-

136 1730 267 1817 nitas,
291 1749 375 1822 quae
401 1728 507 1823 quies
530 1728 601 1801 erit
627 1727 788 1818 animae,
814 1728 926 1826 cujus.
950 1754 1059 1830 appe·

138 1830 233 1907 titus
257 1830 417 1904 necdum
442 1828 530 1926 jugo
556 1827 777 1926 supposltUS‚
803 1833 966 1906 necdum
997 1835 1060 1910 de·

137 1929 275 2032 prellus
300 1929 372 2005 est:
400 1953 485 2011 curn
509 1930 637 2006 rebelli
661 1931 750 2007 huic
772 1933 952 2027 potentiae
979 1949 1059 2032 pro-

91 2108 93 2119 ,
136 2032 260 2135 prium
286 2030 330 2107 fit
353 2044 570 2129 perpetuum
597 2030 736 2129 spiritui
761 2032 899 2109 bellum
931 2032 1058 2139 muite-

135 2148 201 2222 're‚
230 2155 389 2229 eumque
414 2131 613 2231 paffionum
637 2131 781 2209 suarum
808 2135 990 2225 tumultu,
1017 2152 1059 2237 'pc

134 2237 406 2338 ”appetitionum
431 2233 577 2315 suarum
601 2235 859 2329 inquietudine,
881 2238 1058 2341 continno

98 2394 101 2399 -
135 2335 357 2436 exagitare?
383 2337 443 2421 Ex
467 2335 583 2413 altera
608 2336 711 2434 'parte
737 2337 845 2433 quale
871 2336 1057 2451 efficaciis

134 2441 343 2542 potentiam
369 2437 464 2514 adeo
492 2453 726 2534 arrogantem
752 2439 971 2538 subjugandi
1003 2456 1057 2529 re·

134 2544 302 2619 medium
329 2538 398 2615 elie
421 2541 537 2638 potest
561 2562 672 2634 quam
686 2541 855 2637 purgatio
870 2533 1062 2636 quaedam

135 2662 221 2739 quae
247 2643 295 2718 ad
319 2665 403 2717 eam
429 2642 582 2729 taediis,
627 2641 802 2725 tristitiis,
837 2644 975 2720 tentati
1002 2646 1054 2720 ni·

132 2741 216 2830 bus,
240 2741 439 2829 doloribus,
452 2742 658 2841 suppliciis,
685 2743 920 2841 deprellionib
982 2745 1055 2836 ,dr
1086 2756 1094 2789 ·“

132 2843 339 2935 innumeris
353 2844 437 2928 aliis
460 2845 571 2920 malis
597 2845 864 2921 devincendam
890 2861 974 2923 tota
1001 2871 1055 2924 or·
1099 2892 1104 2944 p

132 2943 311 3021 dinatur‘l
353 2945 464 3021 Certe
490 2959 550 3037 tot
571 2947 763 3023 contrariis
787 2947 1007 3041 cumulata,
1030 2945 1053 3025 ll
1095 2982 1104 3045 ῃ

131 3058 207 3125 non
231 3059 400 3137 mortua,
424 3047 479 3123 ita
503 3047 632 3124 saltem
656 3047 876 3126 mortificata
903 3052 1001 3138 erit,
1015 3061 1054 3127 ut
1092 3071 1104 3149 p

130 3147 272 3248 spiritui
298 3169 448 3244 pacem,
471 3147 510 3226 dr
536 3173 620 3224 eam
647 3150 838 3248 indulgeat
877 3150 1054 3248 tranquil·
1089 3193 1104 3270 p

129 3249 287 3337 litatem,
302 3269 375 3345 qua
399 3274 492 3348 opus
509 3252 638 3338 habet,
650 3267 692 3350 ut
715 3275 838 3328 rerum
854 3248 1052 3332 caelestium
1076 3273 1104 3393 'p

128 3350 435 3511 contemplationi
458 3351 531 3434 sele
555 3353 776 3473 immergere
799 3355 917 3458 poffir.
979 3400 987 3441 ·.
1032 3396 1039 3409 ·
1075 3398 1104 3462 Ἥ
