2220 3870
122 130 198 315 bele
224 188 593 335 supernaturalibus
613 200 864 335 imaginariis.
912 207 987 297 181

77 364 298 466 multiplicis
325 367 562 467 experientiae
593 367 684 458 fuit,
713 387 849 464 easque
872 363 989 463 majo·

76 468 111 545 ri
140 490 219 568 prae
254 466 339 545 aliis
372 468 538 546 claritate
572 489 639 569 pro
672 469 791 546 nultra
817 466 990 543 instituti·
1053 558 1057 567 ¹

76 593 151 647 one
168 574 174 587 '
194 569 369 669 exposuit.
386 589 389 595 ·
434 570 636 648 Exordium
666 569 894 670 aphantasta
918 568 989 643 du·

76 692 222 749 eamus.
272 669 405 748 San&
434 671 584 769 cognitu
617 672 716 748 haud
744 671 889 747 difficile
915 665 986 747 elle

75 771 161 861 ait,
209 795 299 848 num
345 771 420 870 ipsa
462 771 610 870 persona
650 768 761 850 verba
797 770 986 858 efformet,

75 884 144 950 aut
173 895 223 950 ea
240 871 378 950 audbt
430 872 554 950 Primo
582 873 687 971 quia,
717 872 744 949 sr
775 895 840 973 per
856 885 986 973 poten·

72 973 171 1049 tiam
200 973 481 1072 imaginativam
518 974 749 1066 formantur,
770 975 853 1050 haec
887 972 985 1059 circa

72 1072 225 1169 aliquod
256 1074 434 1175 objel'tum
466 1090 655 1176 operatur,
688 1101 733 1155 ac
785 1074 984 1161 sententias

72 1175 264 1273 componit
282 1198 299 1269 ;·
329 1175 481 1275 paucis,
522 1176 661 1274 aliquid
691 1202 741 1253 ex
775 1190 879 1276 parte
918 1174 982 1264 sua

71 1275 200 1377 ponit,
257 1300 342 1353 cnm
372 1290 516 1371 tamen
549 1277 756 1355 auscultans
792 1276 903 1353 lolam
927 1277 982 1352 lo·

70 1377 203 1476 quenti
235 1377 477 1456 attentionem
503 1378 656 1479 praestet.
707 1380 757 1455 Et
777 1379 848 1454 boc
867 1374 984 1473 ipsunt

70 1478 136 1568 est,
159 1477 218 1554 ·in
234 1500 353 1576 .·quo,
395 1492 441 1555 ut
474 1480 514 1555 in
550 1479 763 1556 definitione
798 1479 982 1580 diximus,

69 1576 282 1675 lonnalium
317 1581 512 1658 verborum
568 1579 764 1658 substantia
812 1577 980 1659 consrstit.

69 1676 154 1757 lnlu
200 1682 365 1759 everha
399 1704 465 1785 per
496 1681 724 1781 phantafiam
757 1681 980 1772 combinata,
1092 1700 1096 1705 ·

69 1804 114 1860 aa
158 1780 209 1861 rbi
237 1780 302 1881 ipsi
328 1781 423 1860 dieta
450 1797 525 1858 non
552 1783 633 1860 sunt
658 1783 724 1859 nin
750 1782 978 1880 languidum,

69 1904 114 1960 ac
142 1901 350 1961 emortuum
377 1884 481 1980 quid:
523 1900 609 1961 cum
640 1897 766 1962 tamen
801 1884 914 1962 verba
954 1907 979 1961 a

69 1984 162 2093 Deox
186 1982 281 2063 dieta
309 1984 395 2071 viva
404 2042 422 2089 ,x
451 2009 497 2063 ac
543 1986 783 2084 penetrabilia
819 1984 907 2073 fint,
938 1982 980 2063 de

69 2084 107 2162 in
140 2085 284 2163 intimis
315 2086 451 2164 animae
476 2087 726 2186 penetralibus
763 2101 871 2165 tanta
891 2109 977 2165 curn

69 2186 236 2264 tlantate
278 2188 490 2277 audiantur,
530 2201 575 2263 ut
603 2212 673 2264 nec
697 2187 832 2289 syllaba
854 2188 977 2267 elaba-

69 2300 149 2365 tur.·
191 2283 296 2365 Sires
319 2292 355 2363 ia
376 2312 412 2362 eo
428 2290 478 2390 stt
501 2287 530 2383 (
554 2287 609 2365 ait
636 2291 700 2367 illa
726 2293 760 2364 in
809 2293 881 2364 uita
903 2314 978 2385 cap.

69 2390 158 2487 25.)
171 2400 210 2463 or
234 2387 406 2466 ineratus
427 2414 471 2463 ex
486 2386 527 2487 se
550 2387 620 2487 ipso
635 2387 805 2488 fabricare
828 2391 977 2484 incipiat

69 2501 345 2587 quantumcunque
373 2487 510 2589 subtilis
531 2492 601 2587 ejas
619 2487 712 2565 labor
755 2501 803 2578 et,
827 2489 977 2565 britnod·

69 2593 224 2677 veretra,
258 2589 716 2687 polluendamque
842 2590 885 2665 do
920 2614 978 2665 or·
1077 2678 1080 2685 ¹

69 2691 174 2778 diret,
204 2689 437 2790 disponatque,
474 2691 622 2789 quodque
653 2691 706 2777 ile,
730 2691 894 2789 toqoaear.
931 2689 977 2770 Id

69 2791 155 2887 qaod
183 2791 277 2869 aliud
307 2817 372 2868 nor
396 2795 457 2894 est,
483 2814 581 2891 qaam
597 2796 632 2895 st
655 2795 729 2892 quis
754 2795 977 2869 ratiocinatio·

69 2916 134 2968 reor
158 2891 361 2993 disponeret,
388 2893 636 2991 ordinaretque,
653 2906 713 2971 aut
735 2895 824 2992 quod
846 2893 889 2968 ab
904 2895 976 2995 ¹alin

69 2990 122 3075 lbi
144 2995 289 3083 elicitae,
313 2993 519 3092 aasaeltneet.
577 2994 773 3091 Videbitque
795 2995 977 3086 intellellns,

69 3092 96 3173 a
118 3107 200 3171 tanc
222 3119 287 3170 non
312 3094 511 3193 ansneltare,
525 3096 649 3192 eoquod
671 3109 835 3196 operata:
850 3093 891 3173 8
900 3121 975 3173 ver-

69 3190 127 3284 lo,
152 3218 226 3293 qua
240 3194 409 3294 solebat,
425 3195 541 3297 surdo
564 3221 603 3272 oe
620 3194 827 3298 phantastica
849 3199 898 3275 rei
924 3199 976 3273 in·

69 3298 128 3374 lar
150 3311 263 3386 aaut,
287 3322 327 3374 nc
349 3302 535 3396 neutiquam
558 3298 719 3375 claritatis
742 3296 882 3396 quedem
905 3318 977 3377 curt

68 3400 126 3479 W!
157 3398 281 3488 dllllllss
309 3438 331 3470 ι
360 3438 379 3468 ι
406 3438 426 3464 ·
457 3398 531 3587 §a
564 3403 692 3503 major,
716 3424 773 3477 mc
791 3393 976 3601 minaria*

524 3525 551 3606 8
792 3544 808 3563 κ
887 3520 935 3575 ιι
