2220 3870
73 94 81 169 “’
124 165 218 271 574
286 78 355 238 Tr:
368 140 425 240 V.
442 41 540 276 cip.
559 128 716 233 XIX'
742 46 890 237 Tarm

124 309 168 391 iu
188 307 343 389 modum
370 308 556 386 convenit.
630 307 732 385 Dum
756 306 934 408 purgatio
956 307 1056 411 spirt

20 438 24 461 ·
115 424 192 507 ¹tus
206 411 366 510 incipit,
386 412 530 488 *animae
553 430 672 508 pura,
697 432 742 488 ac
761 410 931 487 sublimis
953 435 1055 510 quae·

90 584 93 591 .
125 513 217 591 dam
245 511 569 611 contemplationis
604 511 670 609 lux
699 509 911 588 infunditur
930 569 955 608 ,⁸
969 535 1055 611 quae

124 637 204 795 m
219 604 417 716 periellam
452 613 590 693 amoris
620 613 798 703 unionem
823 616 989 692 tandem
1011 615 1055 692 il·

237 714 358 802 etiam
390 716 430 791 in
462 716 584 805 Deum
626 713 891 807 transformare
930 718 1055 795 debet.

126 815 227 894 Cum
255 838 345 892 vero
364 813 437 895 uuo
466 815 617 894 initium
652 815 790 893 multas
815 817 881 894 srbi
908 817 950 894 &-
975 820 1056 896 Deo

68 916 71 921 ’
124 918 332 996 oonnarias
355 916 396 995 in
417 941 462 995 ea
489 917 688 1015 qualitates
709 918 902 995 inveniat:
929 932 975 995 ut
995 918 1056 998 hae

122 1010 380 1121 expellantur,
404 1024 469 1095 eas
488 1019 654 1108 infestat,
672 1043 803 1098 omnes
828 1035 1057 1112 commovet,

122 1134 333 1217 omnesque
355 1121 492 1197 animae
519 1145 657 1216 magna
682 1145 768 1197 cum
795 1121 973 1199 claritate
994 1145 1058 1222 po·-

125 1222 186 1303 nit
210 1222 257 1302 ob
282 1222 422 1298 oculos.
497 1221 601 1302 Tunc
623 1224 747 1299 anima
777 1220 813 1297 se
842 1237 970 1300 totam
999 1222 1059 1301 fu·

125 1323 251 1413 icam,-
272 1335 392 1399 totam
416 1323 588 1421 nigram,
613 1337 732 1400 totam
752 1323 976 1415 turbatam,
1002 1339 1058 1402 to-

56 1432 61 1465 '¹
127 1439 208 1504 tam
233 1422 441 1514 sordidam,
466 1425 645 1502 &totam
667 1425 901 1502 immundam
929 1428 1057 1506 videt:

125 1538 277 1625 reputat
300 1524 337 1601 se
360 1549 486 1603 eoram
512 1527 581 1601 Dei
606 1528 724 1602 oculis
745 1527 1056 1621 abominandam,

122 1628 312 1718 existimat
328 1624 364 1703 se
381 1627 462 1726 ejus
478 1640 616 1720 ,amore
631 1628 842 1727 indignam,
859 1631 1056 1727 timetque,

82 1798 88 1825 ,
126 1754 177 1807 ne
201 1732 249 1806 ab
276 1753 321 1804 eo
340 1727 473 1827 rejetla
494 1729 567 1807 fit:
593 1753 669 1806 non
690 1731 767 1829 jam
782 1753 834 1804 ex
863 1754 931 1820 eo,
959 1730 1057 1829 quod

126 1830 170 1911 in
192 1828 265 1905 hoc
289 1828 385 1907 statu
407 1829 509 1930 pejor
528 1829 604 1920 stt,
635 1852 754 1928 quam⁴
775 1843 889 1935 aptea
912 1831 1057 1925 fuerit3

126 1929 268 2022 sodex
287 1939 362 2022 eo‘,
388 1933 488 2028 qnod
513 1932 822 2031 apertis'oculis,
845 1931 888 2011 δι
917 1956 1058 2032 magna

127 2056 218 2112 cum
241 2032 711 2132 penetrationeperlpiciat
731 2090 743 2131 ,Ι
761 2046 860 2130 .qu'ae
887 2037 996 2134 prius
1022 2038 1059 2114 in

124 2131 164 2213 fe
195 2154 386 2232 nunquam
411 2134 567 2234 viderat.
621 2137 722 2212 Hinc
742 2135 859 2216 maesti
882 2132 1059 2228 timores,

128 2236 255 2316 anxiae
283 2233 535 2336 suspiciones,
573 2237 813 2328 afflictiones,
841 2242 1057 2335 -angustiae,

127 2337 329 2457 plautius„
354 2339 540 2435 gemitus,
567 2339 606 2417 δι
628 2339 798 2438 suspiria,
833 2337 901 2413 nisr
930 2356 1061 2419 tamen

128 2438 207 2542 lpse
241 2438 383 2516 doloris
413 2435 574 2526 excelsus
612 2439 758 2540 suspiria
798 2462 844 2517 ac
887 2442 1060 2538 planctus

127 2528 331 2641 impediat.'
393 2541 491 2617 Cum
513 2540 596 2618 haec
628 2541 959 2641 contemplationis
978 2546 1059 2632 lux,

128 2641 227 2719 diuo
251 2643 423 2741 purganti
452 2643 563 2719 modo
584 2666 764 2742 operans,
800 2645 887 2718 dein
910 2662 1061 2731 contra·

127 2740 189 2821 'ria
212 2741 334 2833 haec,
367 2741 531 2821 craffiora
559 2768 604 2821 ac
634 2744 820 2843 praecipua
844 2743 979 2850 saltem
1011 2765 1062 2825 err

129 2841 258 2926 anima
282 2843 419 2943 ejecit,
444 2844 574 2943 incipit
595 2867 680 2923 eam
700 2845 825 2922 divino
849 2869 982 2924 amore
1004 2849 1063 2926 in·

119 2940 334 3041 flammare,
384 2946 532 3047 Divinae
555 2946 616 3023 hae
639 2947 957 3024 inflammationes
979 2947 1062 3026 snb‘·

130 3044 221 3125 inde
244 3045 415 3142 equidem
443 3046 601 3144 placidi,
628 3074 673 3126 ac
693 3049 814 3126 suavis
837 3052 983 3126 amoris
1005 3053 1065 3149 ig·

129 3142 193 3250 nis
219 3143 321 3235 sunt,
347 3159 391 3226 ut
407 3147 606 3248 plurimum
625 3164 753 3227 autem
780 3152 798 3244 (
808 3151 971 3228 durante
988 3152 1063 3231 hoc

129 3247 270 3333 nnimae
293 3245 417 3344 statu)
445 3251 582 3341 anxii,
611 3252 661 3328 im
688 3251 872 3342 atientis,
907 3277 957 3330 nc
986 3253 1062 3333 srtl·

128 3346 249 3433 eundi
265 3348 408 3437 auom
432 3349 540 3469 ipit
563 3346 634 3439 effe
651 3276 781 3445 AElent„
839 3354 945 3539 Cam·
973 3380 1062 3437 vere

608 3535 611 3540 .
905 3479 1013 3560 ujus-
