2220 3870
109 244 115 251 .
232 168 419 317 pressim
443 276 446 283 ,
450 203 524 304 pro
553 167 774 285 doctiore.
932 132 1017 297 29r

95 346 206 445 rium.
227 354 372 419 amator
406 366 482 419 non
509 338 566 420 fit.
617 344 705 421 Dixi
729 358 857 423 tamen
887 346 982 445 regul
1001 388 1022 412 ·

96 453 181 528 riter
198 442 391 541 loquendoz·
406 444 493 541 quia
520 444 621 521 Deus
645 450 865 544 quandoque
892 474 938 524 ex
953 474 1018 549 pe-

97 546 303 629 culiaribus
337 544 410 621 suis
448 544 584 624 sinibus
609 550 757 625 cuidam
776 553 919 639 ,animae
957 574 1020 629 res

97 674 187 741 non·
200 648 313 725 modo
335 646 517 749 ejusdem·
532 652 735 726 conditioni
757 651 819 728 sed
844 652 882 730 δι
898 677 1020 731 ¹voca·

97 752 195 833 tioni
219 772 351 851 parum
374 748 639 829 consentaneas
664 751 849 851 injunxit:
888 776 1019 833 verum

97 852 228 957 inhio
244 850 336 953 rpus·
360 850 502 929 casibus
525 853 665 952 semper
678 854 1022 946 manifesta‚&ali·

98 956 259 1056 quoties·
274 953 389 1029 etiam
413 952 618 1052 prodigiosa
641 955 845 1032 voluntatis
869 957 1022 1056 suaesrg·

99 1085 152 1136 na
185 1056 315 1133 edidit.
366 1054 429 1132 Sic
454 1079 540 1131 cum
565 1056 722 1133 santiam
737 1058 894 1134 Mariam
914 1058 1023 1157 Mag'·

101 1160 277 1243 dasenam
301 1158 349 1233 de
385 1157 516 1233 Pazzis
541 1172 669 1235 contra
692 1161 901 1237 monasterii
940 1162 1022 1261 ejus

98 1264 208 1343 usum
233 1258 458 1358 nudipedem
480 1258 651 1335 incedere
677 1259 807 1346 vellet,
821 1258 1021 1351 effecit,ut

70 1448 73 1455 ,
100 1362 377 1539 quamprimum
403 1359 548 1437 calceos
586 1360 796 1452 induceret,
827 1385 933 1439 crura
964 1363 1023 1468 in·

101 1480 209 1559 turne
222 1464 368 1539 cere'nt:
394 1461 517 1538 omnis
542 1476 670 1539 autern
693 1486 741 1540 ex
754 1464 929 1563 opposno
963 1478 1027 1540 tu·

106 1588 192 1649 mor
228 1562 486 1651 evanesceret,
512 1582 600 1641 cu'm
638 1564 749 1642 nudis
776 1567 931 1665 pedibus
968 1566 1029 1642 in·

101 1668 330 1771 grederetur,
383 1666 446 1741 Sic
484 1688 571 1757 cum
615 1690 638 1743 a
672 1668 871 1745 venerabili
907 1667 1028 1744 sorore

97 1766 292 1875 ¹Veroniea
333 1767 498 1878 civitatis
535 1768 741 1847 castellanae
790 1771 1028 1870 Cappuccina

103 1884 236 1961 contra
248 1882 467 1946 caeterarum
493 1871 709 1949 monialium
723 1872 1028 1949 consuetudinem

102 1974 325 2055 diuturnum
351 1972 529 2070 inpane,
555 1970 594 2049 &
620 1994 717 2069 aqua
750 1973 930 2074 jejunium
949 1973 1029 2048 exi·

103 2094 233 2179 geret,
258 2072 467 2169 prdinavit,
502 2088 544 2149 ut
562 2075 769 2151 stomachus
798 2101 945 2151 omnem
961 2074 1030 2150 ali·

104 2204 170 2261 am
215 2170 351 2277 dapem
383 2175 758 2264 condolentia&
790 2176 1032 2275 sanguinere·

104 2282 274 2383 spueret,
299 2277 339 2354 dc
367 2274 594 2371 solummodo
629 2278 741 2354 vilem
768 2277 872 2353 illum
905 2279 1032 2354 cibum

105 2384 298 2465 retineret.
350 2377 464 2455 Haud
489 2380 597 2456 aliter
617 2377 760 2455 ereus
787 2380 830 2457 E.
857 2403 893 2475 g.
920 2382 1034 2467 amu}-

106 2487 202 2565 iiere
229 2480 412 2558 connubio
448 2479 570 2579 junsia
596 2480 705 2570 velit,
730 2497 773 2557 ut
798 2495 965 2557 tenorem
979 2476 1037 2555 vi·

109 2603 163 2667 tae
189 2584 229 2663 dr
250 2584 291 2660 in
310 2582 495 2671 uestibus,
523 2582 562 2660 dc
594 2583 633 2658 in
658 2584 794 2680 agendi
823 2584 958 2670 modo,
995 2576 1037 2671 dc

113 2692 151 2767 in
177 2685 379 2787 paenalium
404 2707 555 2783 operum
581 2684 666 2774 usu,
691 2683 730 2762 δι
755 2686 794 2762 in
821 2684 952 2763 orandi
979 2680 1035 2763 as·

119 2791 289 2887 Viduitate¹
313 2812 335 2864 a
364 2786 459 2863 statu
489 2786 651 2886 conjugii
692 2787 835 2885 prorsus
872 2787 1037 2863 alienum

127 2890 302 2980 irrumat,
326 2886 462 2977 faciet,
489 2901 532 2967 ut
561 2914 636 2965 non
659 2892 770 2966 modo
805 2887 1040 2965 conscientiae

139 2984 254 3073 rbiter
297 2992 380 3068 haec
422 2991 569 3067 omnia.
591 2993 790 3089 approbet,
835 2989 896 3067 sed
933 3002 974 3064 ut
1000 2984 1042 3063 δι

139 3097 276 3176 naritus
299 3108 427 3173 contra
454 3092 621 3172 omnium
646 3087 1043 3193 exspesiationemple·

146 3222 209 3278 um
245 3198 295 3274 ad
337 3221 382 3273 ea
424 3193 635 3273 consensum
679 3197 860 3297 praebeat3
874 3216 935 3271 .ac
963 3196 1046 3264 rem

152 3328 179 3381 a·
206 3299 391 3399 disponet,
428 3313 471 3375 ut
499 3320 621 3395 neque
645 3298 743 3374 circa
771 3298 938 3375 ordinem
980 3289 1047 3404 do·

161 3403 337 3497 esticum,
363 3423 483 3503 neque
508 3403 610 3589 circ}
630 3398 829 3483 liberorum
860 3397 1052 3511 educatio·

535 3514 546 3529 '
635 3529 661 3592 2
930 3513 1037 3581 nem
1103 3552 1109 3563 -
