<?xml version="1.0" encoding="UTF-8"?>
<!DOCTYPE html PUBLIC "-//W3C//DTD XHTML 1.0 Transitional//EN"
    "http://www.w3.org/TR/xhtml1/DTD/xhtml1-transitional.dtd">
<html xmlns="http://www.w3.org/1999/xhtml" xml:lang="en" lang="en">
 <head>
  <title>
</title>
<meta http-equiv="Content-Type" content="text/html;charset=utf-8" />
  <meta name='ocr-system' content='tesseract 3.04.00' />
  <meta name='ocr-capabilities' content='ocr_page ocr_carea ocr_par ocr_line ocrx_word'/>
</head>
<body>
  <div class='ocr_page' id='page_1' title='image "./directoriummyst00scargoog_0367.png"; bbox 0 0 2220 3870; ppageno 0'>
   <div class='ocr_carea' id='block_1_1' title="bbox 90 104 1003 294">
    <p class='ocr_par' dir='ltr' id='par_1_1' title="bbox 90 72 1003 294">
     <span class='ocr_line' id='line_1_1' title="bbox 90 104 1003 294; baseline -0.054 -22"><span class='ocrx_word' id='word_1_1' title='bbox 90 104 1003 294; x_wconf 50' lang='lat' dir='ltr'><strong>mRWQMffimffif</strong></span> 
     </span>
    </p>
   </div>
   <div class='ocr_carea' id='block_1_2' title="bbox 12 314 1017 3167">
    <p class='ocr_par' dir='ltr' id='par_1_2' title="bbox 12 314 1017 3167">
     <span class='ocr_line' id='line_1_2' title="bbox 66 314 1005 423; baseline -0.002 -17"><span class='ocrx_word' id='word_1_2' title='bbox 66 327 180 406; x_wconf 83' lang='lat' dir='ltr'><strong>&#39;tiam</strong></span> <span class='ocrx_word' id='word_1_3' title='bbox 208 326 390 413; x_wconf 81' lang='lat' dir='ltr'><strong>fastidiis,</strong></span> <span class='ocrx_word' id='word_1_4' title='bbox 420 324 566 423; x_wconf 75' lang='lat' dir='ltr'><strong>taediis,</strong></span> <span class='ocrx_word' id='word_1_5' title='bbox 606 314 647 402; x_wconf 72' lang='grc' dir='ltr'><strong>ὀὶ</strong></span> <span class='ocrx_word' id='word_1_6' title='bbox 671 325 755 402; x_wconf 83' lang='lat' dir='ltr'><strong>aliis</strong></span> <span class='ocrx_word' id='word_1_7' title='bbox 778 327 942 403; x_wconf 86' lang='lat' dir='ltr'><strong>molestis</strong></span> <span class='ocrx_word' id='word_1_8' title='bbox 950 322 1005 404; x_wconf 77' lang='lat' dir='ltr'><strong>af-</strong></span> 
     </span>
     <span class='ocr_line' id='line_1_3' title="bbox 82 425 1003 525; baseline -0.003 -18"><span class='ocrx_word' id='word_1_9' title='bbox 82 429 305 508; x_wconf 76' lang='lat' dir='ltr'><strong>fettionibus</strong></span> <span class='ocrx_word' id='word_1_10' title='bbox 350 425 535 524; x_wconf 81' lang='lat' dir='ltr'><strong>affligitur.</strong></span> <span class='ocrx_word' id='word_1_11' title='bbox 594 426 840 525; x_wconf 76' lang='lat' dir='ltr'><strong>Nequaquam</strong></span> <span class='ocrx_word' id='word_1_12' title='bbox 874 443 1003 505; x_wconf 85' lang='lat' dir='ltr'><strong>autem</strong></span> 
     </span>
     <span class='ocr_line' id='line_1_4' title="bbox 86 528 1005 629; baseline -0.002 -21"><span class='ocrx_word' id='word_1_13' title='bbox 86 529 283 608; x_wconf 79' lang='lat' dir='ltr'><strong>consistunt</strong></span> <span class='ocrx_word' id='word_1_14' title='bbox 318 528 426 607; x_wconf 73' lang='lat' dir='ltr'><strong>diuae</strong></span> <span class='ocrx_word' id='word_1_15' title='bbox 466 530 705 627; x_wconf 85' lang='lat' dir='ltr'>purgationes</span> <span class='ocrx_word' id='word_1_16' title='bbox 749 528 790 605; x_wconf 89' lang='lat' dir='ltr'><strong>in</strong></span> <span class='ocrx_word' id='word_1_17' title='bbox 809 612 812 625; x_wconf 35' lang='lat'><em>¹</em></span> <span class='ocrx_word' id='word_1_18' title='bbox 828 530 1005 629; x_wconf 85' lang='lat' dir='ltr'><strong>privatio·</strong></span> 
     </span>
     <span class='ocr_line' id='line_1_5' title="bbox 78 629 1004 729; baseline -0.002 -19"><span class='ocrx_word' id='word_1_19' title='bbox 78 657 137 710; x_wconf 52' lang='lat' dir='ltr'><strong>&#39;ne</strong></span> <span class='ocrx_word' id='word_1_20' title='bbox 168 631 291 707; x_wconf 90' lang='lat' dir='ltr'><strong>omnis</strong></span> <span class='ocrx_word' id='word_1_21' title='bbox 326 629 534 706; x_wconf 86' lang='lat' dir='ltr'><strong>devotionis</strong></span> <span class='ocrx_word' id='word_1_22' title='bbox 573 630 812 707; x_wconf 83' lang='lat' dir='ltr'><strong>accidentalis</strong></span> <span class='ocrx_word' id='word_1_23' title='bbox 832 630 1004 729; x_wconf 80' lang='lat' dir='ltr'><strong>spiritua·</strong></span> 
     </span>
     <span class='ocr_line' id='line_1_6' title="bbox 85 731 1005 832; baseline -0.002 -19"><span class='ocrx_word' id='word_1_24' title='bbox 85 732 153 823; x_wconf 78' lang='lat' dir='ltr'>lis,</span> <span class='ocrx_word' id='word_1_25' title='bbox 191 754 277 809; x_wconf 89' lang='lat' dir='ltr'><strong>cum</strong></span> <span class='ocrx_word' id='word_1_26' title='bbox 314 731 425 831; x_wconf 81' lang='lat' dir='ltr'><strong>hujus</strong></span> <span class='ocrx_word' id='word_1_27' title='bbox 452 731 660 808; x_wconf 88' lang='lat' dir='ltr'><strong>devotionis</strong></span> <span class='ocrx_word' id='word_1_28' title='bbox 693 731 878 829; x_wconf 75' lang='lat' dir='ltr'><strong>subdustio</strong></span> <span class='ocrx_word' id='word_1_29' title='bbox 921 746 1005 832; x_wconf 66' lang='lat' dir='ltr'><strong>pro·-</strong></span> 
     </span>
     <span class='ocr_line' id='line_1_7' title="bbox 47 830 1004 1013; baseline 0.003 -105"><span class='ocrx_word' id='word_1_30' title='bbox 47 850 49 859; x_wconf 80' lang='grc'>’</span> <span class='ocrx_word' id='word_1_31' title='bbox 85 834 166 1013; x_wconf 46' lang='lat' dir='ltr'><strong>{rie</strong></span> <span class='ocrx_word' id='word_1_32' title='bbox 200 833 248 908; x_wconf 84' lang='lat' dir='ltr'><strong>ad</strong></span> <span class='ocrx_word' id='word_1_33' title='bbox 278 833 536 931; x_wconf 81' lang='lat' dir='ltr'><strong>purgationem</strong></span> <span class='ocrx_word' id='word_1_34' title='bbox 562 830 709 930; x_wconf 83' lang='lat' dir='ltr'><strong>spiritus</strong></span> <span class='ocrx_word' id='word_1_35' title='bbox 737 835 946 932; x_wconf 80' lang='lat' dir='ltr'><strong>pertineat,</strong></span> <span class='ocrx_word' id='word_1_36' title='bbox 961 845 1004 911; x_wconf 90' lang='lat' dir='ltr'><strong>ut</strong></span> 
     </span>
     <span class='ocr_line' id='line_1_8' title="bbox 102 933 1005 1035; baseline -0.001 -24"><span class='ocrx_word' id='word_1_37' title='bbox 102 960 151 1011; x_wconf 91' lang='lat' dir='ltr'><strong>uo</strong></span> <span class='ocrx_word' id='word_1_38' title='bbox 187 934 269 1012; x_wconf 89' lang='lat' dir='ltr'><strong>loco</strong></span> <span class='ocrx_word' id='word_1_39' title='bbox 296 934 517 1011; x_wconf 77' lang='lat' dir='ltr'><strong>videbimuS.</strong></span> <span class='ocrx_word' id='word_1_40' title='bbox 568 933 649 1016; x_wconf 77' lang='lat' dir='ltr'><strong>imo</strong></span> <span class='ocrx_word' id='word_1_41' title='bbox 676 937 917 1035; x_wconf 84' lang='lat' dir='ltr'><strong>purgationes</strong></span> <span class='ocrx_word' id='word_1_42' title='bbox 927 938 1005 1011; x_wconf 86' lang='lat' dir='ltr'>sen·</span> 
     </span>
     <span class='ocr_line' id='line_1_9' title="bbox 12 1034 1007 1139; baseline -0.001 -23"><span class='ocrx_word' id='word_1_43' title='bbox 12 1127 15 1131; x_wconf 83' lang='lat'><em>.</em></span> <span class='ocrx_word' id='word_1_44' title='bbox 84 1034 168 1126; x_wconf 83' lang='lat' dir='ltr'><strong>sus,</strong></span> <span class='ocrx_word' id='word_1_45' title='bbox 193 1049 236 1112; x_wconf 94' lang='lat' dir='ltr'><strong>ut</strong></span> <span class='ocrx_word' id='word_1_46' title='bbox 266 1036 306 1114; x_wconf 87' lang='lat' dir='ltr'><strong>S.</strong></span> <span class='ocrx_word' id='word_1_47' title='bbox 336 1036 498 1139; x_wconf 83' lang='lat' dir='ltr'><strong>Joannes</strong></span> <span class='ocrx_word' id='word_1_48' title='bbox 529 1061 553 1114; x_wconf 87' lang='lat' dir='ltr'><strong>a</strong></span> <span class='ocrx_word' id='word_1_49' title='bbox 589 1039 709 1115; x_wconf 78' lang='lat' dir='ltr'><strong>Cuuce</strong></span> <span class='ocrx_word' id='word_1_50' title='bbox 727 1038 801 1126; x_wconf 88' lang='lat' dir='ltr'><strong>ait,</strong></span> <span class='ocrx_word' id='word_1_51' title='bbox 826 1037 1007 1136; x_wconf 81' lang='lat' dir='ltr'><strong>licetpar·</strong></span> 
     </span>
     <span class='ocr_line' id='line_1_10' title="bbox 87 1136 1007 1238; baseline -0.001 -22"><span class='ocrx_word' id='word_1_52' title='bbox 87 1151 166 1216; x_wconf 87' lang='lat' dir='ltr'><strong>tem</strong></span> <span class='ocrx_word' id='word_1_53' title='bbox 201 1136 406 1217; x_wconf 67' lang='lat' dir='ltr'><strong>sensitivam</strong></span> <span class='ocrx_word' id='word_1_54' title='bbox 446 1137 597 1216; x_wconf 87' lang='lat' dir='ltr'><strong>moleste</strong></span> <span class='ocrx_word' id='word_1_55' title='bbox 636 1138 859 1238; x_wconf 84' lang='lat' dir='ltr'><strong>exspolient,</strong></span> <span class='ocrx_word' id='word_1_56' title='bbox 910 1139 1007 1238; x_wconf 85' lang='lat' dir='ltr'><strong>parti</strong></span> 
     </span>
     <span class='ocr_line' id='line_1_11' title="bbox 86 1241 1007 1341; baseline -0.002 -22"><span class='ocrx_word' id='word_1_57' title='bbox 86 1252 216 1319; x_wconf 83' lang='lat' dir='ltr'><strong>tamen</strong></span> <span class='ocrx_word' id='word_1_58' title='bbox 239 1241 475 1319; x_wconf 75' lang='lat' dir='ltr'><strong>intelletiuali</strong></span> <span class='ocrx_word' id='word_1_59' title='bbox 505 1264 635 1341; x_wconf 85' lang='lat' dir='ltr'><strong>puram</strong></span> <span class='ocrx_word' id='word_1_60' title='bbox 664 1243 864 1338; x_wconf 83' lang='lat' dir='ltr'><strong>quamdam</strong></span> <span class='ocrx_word' id='word_1_61' title='bbox 881 1241 1007 1319; x_wconf 86' lang='lat' dir='ltr'><strong>infun·</strong></span> 
     </span>
     <span class='ocr_line' id='line_1_12' title="bbox 14 1342 1006 1444; baseline -0.001 -24"><span class='ocrx_word' id='word_1_62' title='bbox 14 1434 16 1439; x_wconf 68' lang='lat'><em>,</em></span> <span class='ocrx_word' id='word_1_63' title='bbox 87 1345 184 1421; x_wconf 83' lang='lat' dir='ltr'><strong>dunt</strong></span> <span class='ocrx_word' id='word_1_64' title='bbox 217 1343 367 1434; x_wconf 71' lang='lat' dir='ltr'><strong>lucem,&#39;</strong></span> <span class='ocrx_word' id='word_1_65' title='bbox 408 1342 447 1422; x_wconf 88' lang='lat' dir='ltr'><strong>vi</strong></span> <span class='ocrx_word' id='word_1_66' title='bbox 483 1343 590 1444; x_wconf 82' lang='lat' dir='ltr'><strong>cujus</strong></span> <span class='ocrx_word' id='word_1_67' title='bbox 636 1345 761 1420; x_wconf 80' lang='lat' dir='ltr'><strong>anima</strong></span> <span class='ocrx_word' id='word_1_68' title='bbox 788 1342 825 1417; x_wconf 88' lang='lat' dir='ltr'><strong>se</strong></span> <span class='ocrx_word' id='word_1_69' title='bbox 853 1344 894 1418; x_wconf 88' lang='lat' dir='ltr'><strong>iu</strong></span> <span class='ocrx_word' id='word_1_70' title='bbox 923 1343 1006 1419; x_wconf 91' lang='lat' dir='ltr'><strong>Deo</strong></span> 
     </span>
     <span class='ocr_line' id='line_1_13' title="bbox 86 1444 1007 1547; baseline 0 -25"><span class='ocrx_word' id='word_1_71' title='bbox 86 1446 235 1544; x_wconf 85' lang='lat' dir='ltr'><strong>quieta,</strong></span> <span class='ocrx_word' id='word_1_72' title='bbox 271 1444 447 1547; x_wconf 85' lang='lat' dir='ltr'><strong>pacifica,</strong></span> <span class='ocrx_word' id='word_1_73' title='bbox 474 1444 514 1524; x_wconf 73' lang='grc' dir='ltr'><strong>δι</strong></span> <span class='ocrx_word' id='word_1_74' title='bbox 543 1445 661 1526; x_wconf 87' lang='lat' dir='ltr'><strong>amori</strong></span> <span class='ocrx_word' id='word_1_75' title='bbox 685 1445 804 1521; x_wconf 84' lang='lat' dir='ltr'><strong>mixta</strong></span> <span class='ocrx_word' id='word_1_76' title='bbox 828 1446 1007 1522; x_wconf 84' lang='lat' dir='ltr'><strong>attentio·</strong></span> 
     </span>
     <span class='ocr_line' id='line_1_14' title="bbox 85 1545 1006 1646; baseline -0.002 -19"><span class='ocrx_word' id='word_1_77' title='bbox 85 1572 136 1627; x_wconf 84' lang='lat' dir='ltr'><strong>ne</strong></span> <span class='ocrx_word' id='word_1_78' title='bbox 166 1547 325 1644; x_wconf 88' lang='lat' dir='ltr'>defigere</span> <span class='ocrx_word' id='word_1_79' title='bbox 355 1547 482 1646; x_wconf 85' lang='lat' dir='ltr'><strong>potest.</strong></span> <span class='ocrx_word' id='word_1_80' title='bbox 532 1547 575 1623; x_wconf 93' lang='lat' dir='ltr'><strong>Id</strong></span> <span class='ocrx_word' id='word_1_81' title='bbox 608 1549 706 1645; x_wconf 86' lang='lat' dir='ltr'><strong>quod</strong></span> <span class='ocrx_word' id='word_1_82' title='bbox 731 1547 771 1624; x_wconf 87' lang='lat' dir='ltr'><strong>in</strong></span> <span class='ocrx_word' id='word_1_83' title='bbox 807 1545 1006 1625; x_wconf 75' lang='lat' dir='ltr'><strong>substantia</strong></span> 
     </span>
     <span class='ocr_line' id='line_1_15' title="bbox 87 1648 1006 1738; baseline 0 -13"><span class='ocrx_word' id='word_1_84' title='bbox 87 1650 192 1725; x_wconf 87' lang='lat' dir='ltr'><strong>aliud</strong></span> <span class='ocrx_word' id='word_1_85' title='bbox 228 1673 304 1725; x_wconf 88' lang='lat' dir='ltr'><strong>non</strong></span> <span class='ocrx_word' id='word_1_86' title='bbox 339 1648 618 1738; x_wconf 88' lang='lat' dir='ltr'><strong>est,nis1vera</strong></span> <span class='ocrx_word' id='word_1_87' title='bbox 655 1649 804 1726; x_wconf 88' lang='lat' dir='ltr'><strong>devotio</strong></span> <span class='ocrx_word' id='word_1_88' title='bbox 835 1650 1006 1725; x_wconf 84' lang='lat' dir='ltr'><strong>acciden-</strong></span> 
     </span>
     <span class='ocr_line' id='line_1_16' title="bbox 87 1747 1008 1848; baseline -0.001 -21"><span class='ocrx_word' id='word_1_89' title='bbox 87 1749 176 1827; x_wconf 81' lang='lat' dir='ltr'><strong>talis</strong></span> <span class='ocrx_word' id='word_1_90' title='bbox 219 1747 434 1847; x_wconf 84' lang='lat' dir='ltr'><strong>spiritualis,</strong></span> <span class='ocrx_word' id='word_1_91' title='bbox 478 1752 664 1848; x_wconf 87' lang='lat' dir='ltr'><strong>quoddam</strong></span> <span class='ocrx_word' id='word_1_92' title='bbox 700 1773 800 1828; x_wconf 82' lang='lat' dir='ltr'>verae</span> <span class='ocrx_word' id='word_1_93' title='bbox 838 1763 1008 1826; x_wconf 87' lang='lat' dir='ltr'><strong>contem·</strong></span> 
     </span>
     <span class='ocr_line' id='line_1_17' title="bbox 87 1851 1007 1957; baseline 0.005 -33"><span class='ocrx_word' id='word_1_94' title='bbox 87 1851 264 1957; x_wconf 70' lang='lat' dir='ltr'><strong>‘plqtionis</strong></span> <span class='ocrx_word' id='word_1_95' title='bbox 288 1852 527 1949; x_wconf 84' lang='lat' dir='ltr'><strong>principium,</strong></span> <span class='ocrx_word' id='word_1_96' title='bbox 568 1853 605 1928; x_wconf 92' lang='lat' dir='ltr'><strong>vi</strong></span> <span class='ocrx_word' id='word_1_97' title='bbox 640 1851 746 1952; x_wconf 81' lang='lat' dir='ltr'><strong>cujus</strong></span> <span class='ocrx_word' id='word_1_98' title='bbox 780 1853 907 1929; x_wconf 82' lang='lat' dir='ltr'><strong>anima</strong></span> <span class='ocrx_word' id='word_1_99' title='bbox 929 1853 1007 1952; x_wconf 85' lang='lat' dir='ltr'><strong>jam</strong></span> 
     </span>
     <span class='ocr_line' id='line_1_18' title="bbox 86 1953 1017 2052; baseline 0.003 -24"><span class='ocrx_word' id='word_1_100' title='bbox 86 1953 218 2051; x_wconf 83' lang='lat' dir='ltr'>incipit</span> <span class='ocrx_word' id='word_1_101' title='bbox 246 1953 295 2028; x_wconf 85' lang='lat' dir='ltr'><strong>ad</strong></span> <span class='ocrx_word' id='word_1_102' title='bbox 327 1954 536 2030; x_wconf 87' lang='lat' dir='ltr'><strong>divinarum</strong></span> <span class='ocrx_word' id='word_1_103' title='bbox 558 1977 681 2030; x_wconf 85' lang='lat' dir='ltr'><strong>rerum</strong></span> <span class='ocrx_word' id='word_1_104' title='bbox 714 1955 887 2030; x_wconf 88' lang='lat' dir='ltr'><strong>obtutum</strong></span> <span class='ocrx_word' id='word_1_105' title='bbox 932 1954 1017 2052; x_wconf 64' lang='lat' dir='ltr'>,sese</span> 
     </span>
     <span class='ocr_line' id='line_1_19' title="bbox 88 2052 1006 2154; baseline 0.005 -26"><span class='ocrx_word' id='word_1_106' title='bbox 88 2052 247 2129; x_wconf 86' lang='lat' dir='ltr'>elevare.</span> <span class='ocrx_word' id='word_1_107' title='bbox 300 2054 350 2133; x_wconf 86' lang='lat' dir='ltr'><strong>Et</strong></span> <span class='ocrx_word' id='word_1_108' title='bbox 381 2054 408 2128; x_wconf 85' lang='lat' dir='ltr'>fi</span> <span class='ocrx_word' id='word_1_109' title='bbox 451 2057 576 2131; x_wconf 86' lang='lat' dir='ltr'><strong>anima</strong></span> <span class='ocrx_word' id='word_1_110' title='bbox 608 2057 646 2130; x_wconf 92' lang='lat' dir='ltr'><strong>in</strong></span> <span class='ocrx_word' id='word_1_111' title='bbox 676 2056 905 2154; x_wconf 85' lang='lat' dir='ltr'><strong>purgationis</strong></span> <span class='ocrx_word' id='word_1_112' title='bbox 935 2056 1006 2133; x_wconf 81' lang='lat' dir='ltr'><strong>suae</strong></span> 
     </span>
     <span class='ocr_line' id='line_1_20' title="bbox 86 2154 1007 2335; baseline 0.001 -104"><span class='ocrx_word' id='word_1_113' title='bbox 86 2154 290 2335; x_wconf 53' lang='grc' dir='ltr'><strong>Ξήηοὶρίο,</strong></span> <span class='ocrx_word' id='word_1_114' title='bbox 324 2179 369 2233; x_wconf 87' lang='lat' dir='ltr'><strong>ac</strong></span> <span class='ocrx_word' id='word_1_115' title='bbox 412 2159 631 2253; x_wconf 84' lang='lat' dir='ltr'><strong>quandoque</strong></span> <span class='ocrx_word' id='word_1_116' title='bbox 658 2158 772 2232; x_wconf 88' lang='lat' dir='ltr'><strong>etiam</strong></span> <span class='ocrx_word' id='word_1_117' title='bbox 791 2156 1007 2254; x_wconf 80' lang='lat' dir='ltr'><strong>iuprogres·</strong></span> 
     </span>
     <span class='ocr_line' id='line_1_21' title="bbox 106 2256 1005 2354; baseline -0.001 -20"><span class='ocrx_word' id='word_1_118' title='bbox 106 2257 255 2334; x_wconf 87' lang='lat' dir='ltr'><strong>uhanc</strong></span> <span class='ocrx_word' id='word_1_119' title='bbox 283 2256 427 2346; x_wconf 88' lang='lat' dir='ltr'>lucem,</span> <span class='ocrx_word' id='word_1_120' title='bbox 462 2257 502 2335; x_wconf 74' lang='grc' dir='ltr'><strong>δι</strong></span> <span class='ocrx_word' id='word_1_121' title='bbox 532 2258 571 2333; x_wconf 87' lang='lat' dir='ltr'><strong>iu</strong></span> <span class='ocrx_word' id='word_1_122' title='bbox 603 2258 682 2334; x_wconf 90' lang='lat' dir='ltr'><strong>Deo</strong></span> <span class='ocrx_word' id='word_1_123' title='bbox 726 2259 889 2354; x_wconf 90' lang='lat' dir='ltr'><strong>quietem</strong></span> <span class='ocrx_word' id='word_1_124' title='bbox 932 2281 1005 2334; x_wconf 87' lang='lat' dir='ltr'><strong>non</strong></span> 
     </span>
     <span class='ocr_line' id='line_1_22' title="bbox 87 2357 1008 2458; baseline 0 -22"><span class='ocrx_word' id='word_1_125' title='bbox 87 2359 242 2449; x_wconf 84' lang='lat' dir='ltr'><strong>sentiat,</strong></span> <span class='ocrx_word' id='word_1_126' title='bbox 280 2358 343 2435; x_wconf 90' lang='lat' dir='ltr'><strong>sed</strong></span> <span class='ocrx_word' id='word_1_127' title='bbox 380 2359 454 2434; x_wconf 88' lang='lat' dir='ltr'><strong>fine</strong></span> <span class='ocrx_word' id='word_1_128' title='bbox 486 2359 561 2434; x_wconf 93' lang='lat' dir='ltr'><strong>ullo</strong></span> <span class='ocrx_word' id='word_1_129' title='bbox 594 2359 723 2436; x_wconf 89' lang='lat' dir='ltr'><strong>solatio</strong></span> <span class='ocrx_word' id='word_1_130' title='bbox 757 2357 865 2458; x_wconf 63' lang='lat' dir='ltr'>spiffii</span> <span class='ocrx_word' id='word_1_131' title='bbox 904 2373 1008 2436; x_wconf 89' lang='lat' dir='ltr'>tene·</span> 
     </span>
     <span class='ocr_line' id='line_1_23' title="bbox 89 2459 1007 2559; baseline 0 -22"><span class='ocrx_word' id='word_1_132' title='bbox 89 2461 167 2538; x_wconf 80' lang='lat' dir='ltr'>bris</span> <span class='ocrx_word' id='word_1_133' title='bbox 180 2459 346 2538; x_wconf 87' lang='lat' dir='ltr'><strong>involuta</strong></span> <span class='ocrx_word' id='word_1_134' title='bbox 360 2460 429 2545; x_wconf 83' lang='lat' dir='ltr'><strong>effe</strong></span> <span class='ocrx_word' id='word_1_135' title='bbox 443 2460 506 2536; x_wconf 85' lang='lat' dir='ltr'><strong>fibi</strong></span> <span class='ocrx_word' id='word_1_136' title='bbox 523 2461 712 2554; x_wconf 83' lang='lat' dir='ltr'><strong>videatur3</strong></span> <span class='ocrx_word' id='word_1_137' title='bbox 755 2462 793 2536; x_wconf 92' lang='lat' dir='ltr'><strong>id</strong></span> <span class='ocrx_word' id='word_1_138' title='bbox 813 2461 920 2559; x_wconf 80' lang='lat' dir='ltr'><strong>juxta</strong></span> <span class='ocrx_word' id='word_1_139' title='bbox 941 2462 1007 2537; x_wconf 86' lang='lat' dir='ltr'><strong>ali·</strong></span> 
     </span>
     <span class='ocr_line' id='line_1_24' title="bbox 89 2561 1008 2661; baseline 0 -22"><span class='ocrx_word' id='word_1_140' title='bbox 89 2562 129 2639; x_wconf 90' lang='lat' dir='ltr'><strong>bi</strong></span> <span class='ocrx_word' id='word_1_141' title='bbox 157 2563 252 2638; x_wconf 74' lang='lat' dir='ltr'><strong>diua</strong></span> <span class='ocrx_word' id='word_1_142' title='bbox 270 2575 327 2637; x_wconf 76' lang='lat' dir='ltr'><strong>&#39;ex</strong></span> <span class='ocrx_word' id='word_1_143' title='bbox 356 2586 401 2637; x_wconf 93' lang='lat' dir='ltr'><strong>eo</strong></span> <span class='ocrx_word' id='word_1_144' title='bbox 432 2561 688 2661; x_wconf 65' lang='lat' dir='ltr'><strong>ptoficiscitum</strong></span> <span class='ocrx_word' id='word_1_145' title='bbox 714 2562 813 2657; x_wconf 91' lang='lat' dir='ltr'><strong>quod</strong></span> <span class='ocrx_word' id='word_1_146' title='bbox 828 2584 892 2658; x_wconf 91' lang='lat' dir='ltr'><strong>per</strong></span> <span class='ocrx_word' id='word_1_147' title='bbox 907 2585 1008 2639; x_wconf 85' lang='lat' dir='ltr'><strong>com·</strong></span> 
     </span>
     <span class='ocr_line' id='line_1_25' title="bbox 87 2662 1008 2761; baseline 0 -22"><span class='ocrx_word' id='word_1_148' title='bbox 87 2662 268 2739; x_wconf 88' lang='lat' dir='ltr'><strong>mercium</strong></span> <span class='ocrx_word' id='word_1_149' title='bbox 297 2687 382 2739; x_wconf 88' lang='lat' dir='ltr'><strong>cum</strong></span> <span class='ocrx_word' id='word_1_150' title='bbox 416 2663 595 2753; x_wconf 80' lang='lat' dir='ltr'>senfibUS,</span> <span class='ocrx_word' id='word_1_151' title='bbox 639 2663 679 2738; x_wconf 73' lang='grc' dir='ltr'><strong>δι</strong></span> <span class='ocrx_word' id='word_1_152' title='bbox 707 2687 784 2761; x_wconf 81' lang='lat' dir='ltr'>-per</span> <span class='ocrx_word' id='word_1_153' title='bbox 830 2663 1008 2739; x_wconf 79' lang='lat' dir='ltr'><strong>adhaesio-</strong></span> 
     </span>
     <span class='ocr_line' id='line_1_26' title="bbox 87 2763 1008 2869; baseline 0.003 -31"><span class='ocrx_word' id='word_1_154' title='bbox 87 2782 177 2838; x_wconf 85' lang='lat' dir='ltr'><strong>uem</strong></span> <span class='ocrx_word' id='word_1_155' title='bbox 213 2765 261 2839; x_wconf 89' lang='lat' dir='ltr'><strong>ad</strong></span> <span class='ocrx_word' id='word_1_156' title='bbox 288 2763 469 2861; x_wconf 81' lang='lat' dir='ltr'><strong>sensibiles</strong></span> <span class='ocrx_word' id='word_1_157' title='bbox 509 2764 710 2869; x_wconf 84' lang='lat' dir='ltr'><strong>suavitates</strong></span> <span class='ocrx_word' id='word_1_158' title='bbox 739 2764 1008 2841; x_wconf 85' lang='lat' dir='ltr'><strong>craffitudioem</strong></span> 
     </span>
     <span class='ocr_line' id='line_1_27' title="bbox 85 2866 1008 2968; baseline 0.001 -29"><span class='ocrx_word' id='word_1_159' title='bbox 85 2866 309 2960; x_wconf 84' lang='lat' dir='ltr'><strong>quamdam,</strong></span> <span class='ocrx_word' id='word_1_160' title='bbox 338 2880 382 2942; x_wconf 91' lang='lat' dir='ltr'><strong>ut</strong></span> <span class='ocrx_word' id='word_1_161' title='bbox 417 2889 503 2942; x_wconf 89' lang='lat' dir='ltr'><strong>cum</strong></span> <span class='ocrx_word' id='word_1_162' title='bbox 539 2866 579 2944; x_wconf 90' lang='lat' dir='ltr'><strong>S.</strong></span> <span class='ocrx_word' id='word_1_163' title='bbox 613 2869 794 2968; x_wconf 79' lang='lat' dir='ltr'><strong>joannea</strong></span> <span class='ocrx_word' id='word_1_164' title='bbox 824 2867 1008 2942; x_wconf 87' lang='lat' dir='ltr'><strong>Crucelo·</strong></span> 
     </span>
     <span class='ocr_line' id='line_1_28' title="bbox 86 2967 1007 3065; baseline 0.004 -26"><span class='ocrx_word' id='word_1_165' title='bbox 86 2985 207 3061; x_wconf 83' lang='lat' dir='ltr'><strong>quar,</strong></span> <span class='ocrx_word' id='word_1_166' title='bbox 241 2968 419 3057; x_wconf 87' lang='lat' dir='ltr'><strong>induerit,</strong></span> <span class='ocrx_word' id='word_1_167' title='bbox 434 2969 480 3043; x_wconf 90' lang='lat' dir='ltr'><strong>ob</strong></span> <span class='ocrx_word' id='word_1_168' title='bbox 494 2990 605 3065; x_wconf 87' lang='lat' dir='ltr'><strong>quam</strong></span> <span class='ocrx_word' id='word_1_169' title='bbox 630 2967 702 3042; x_wconf 83' lang='lat' dir='ltr'>sese</span> <span class='ocrx_word' id='word_1_170' title='bbox 721 2967 1007 3045; x_wconf 83' lang='lat' dir='ltr'><strong>adcibumadeo</strong></span> 
     </span>
     <span class='ocr_line' id='line_1_29' title="bbox 84 3067 959 3167; baseline 0.008 -26"><span class='ocrx_word' id='word_1_171' title='bbox 84 3067 292 3167; x_wconf 10' lang='lat' dir='ltr'><strong>&#39;delicatum</strong></span> <span class='ocrx_word' id='word_1_172' title='bbox 315 3082 395 3145; x_wconf 83' lang='lat' dir='ltr'><strong>tam</strong></span> <span class='ocrx_word' id='word_1_173' title='bbox 420 3069 496 3145; x_wconf 85' lang='lat' dir='ltr'><strong>cito</strong></span> <span class='ocrx_word' id='word_1_174' title='bbox 519 3072 800 3148; x_wconf 86' lang='lat' dir='ltr'><strong>accommodare</strong></span> <span class='ocrx_word' id='word_1_175' title='bbox 816 3071 959 3167; x_wconf 76' lang='lat' dir='ltr'><strong>nequit</strong></span> 
     </span>
    </p>
   </div>
   <div class='ocr_carea' id='block_1_3' title="bbox 81 3219 1011 3557">
    <p class='ocr_par' dir='ltr' id='par_1_3' title="bbox 81 3219 1011 3557">
     <span class='ocr_line' id='line_1_30' title="bbox 81 3219 1010 3438; baseline -0.006 -82"><span class='ocrx_word' id='word_1_176' title='bbox 81 3219 150 3370; x_wconf 27' lang='lat'><strong>‘35-</strong></span> <span class='ocrx_word' id='word_1_177' title='bbox 163 3268 302 3438; x_wconf 37' lang='lat' dir='ltr'>Res·</span> <span class='ocrx_word' id='word_1_178' title='bbox 325 3269 410 3387; x_wconf 64' lang='lat' dir='ltr'><strong>Jiaec</strong></span> <span class='ocrx_word' id='word_1_179' title='bbox 447 3293 512 3368; x_wconf 91' lang='lat' dir='ltr'><strong>per</strong></span> <span class='ocrx_word' id='word_1_180' title='bbox 528 3271 742 3387; x_wconf 69' lang='lat' dir='ltr'><strong>&#39;paritatem</strong></span> <span class='ocrx_word' id='word_1_181' title='bbox 773 3241 864 3389; x_wconf 63' lang='lat' dir='ltr'><strong>eutii</strong></span> <span class='ocrx_word' id='word_1_182' title='bbox 898 3271 1010 3351; x_wconf 78' lang='lat' dir='ltr'><strong>lsrae-</strong></span> 
     </span>
     <span class='ocr_line' id='line_1_31' title="bbox 277 3371 1011 3557; baseline -0.007 -107"><span class='ocrx_word' id='word_1_183' title='bbox 277 3371 357 3453; x_wconf 82' lang='lat' dir='ltr'><strong>utu</strong></span> <span class='ocrx_word' id='word_1_184' title='bbox 388 3372 566 3513; x_wconf 73' lang='lat' dir='ltr'><strong>declarari</strong></span> <span class='ocrx_word' id='word_1_185' title='bbox 572 3372 690 3474; x_wconf 87' lang='lat' dir='ltr'><strong>potest</strong></span> <span class='ocrx_word' id='word_1_186' title='bbox 695 3430 709 3531; x_wconf 76' lang='lat'><strong>‚’</strong></span> <span class='ocrx_word' id='word_1_187' title='bbox 737 3394 821 3489; x_wconf 82' lang='lat' dir='ltr'><strong>qul,</strong></span> <span class='ocrx_word' id='word_1_188' title='bbox 837 3375 1011 3557; x_wconf 50' lang='lat' dir='ltr'>hceDteenfl</span> 
     </span>
    </p>
   </div>
   <div class='ocr_carea' id='block_1_4' title="bbox 0 0 1119 3870">
    <p class='ocr_par' dir='ltr' id='par_1_4' title="bbox 0 0 1119 3870">
     <span class='ocr_line' id='line_1_32' title="bbox 0 0 1119 3870; baseline 0 0"><span class='ocrx_word' id='word_1_189' title='bbox 0 0 1119 3870; x_wconf 95' lang='lat' dir='ltr'><strong> </strong></span> 
     </span>
    </p>
   </div>
  </div>
 </body>
</html>
