2220 3870
138 138 254 234 570.
290 105 382 221 Tr.
398 114 451 208 V.
476 110 580 261 Cap.
590 106 735 205 XIX.
771 101 922 203 Totam

133 277 259 365 medio
277 280 415 359 amoris
430 279 472 363 in
488 281 609 357 Deum
634 270 835 375 angoribus
855 271 1063 353 inflamme-

134 393 218 471 tur,
254 374 342 459 fiin
361 383 525 460 tenebris
555 378 669 481 posita
701 401 787 454 eum
816 401 896 457 nou
928 400 1060 474 cogno·

81 520 89 555 ι
133 480 241 563 sciti
273 481 405 559 Altera
436 483 517 575 est,
556 480 738 565 inanima
774 476 1061 559 obscuritatibus

132 583 196 665 his
235 582 403 661 involuta
432 583 503 664 sese
536 585 617 660 Deo
648 581 842 677 indignam
879 592 1062 678 reputat,
1102 586 1106 659 Ι

59 760 64 771 ,
132 702 210 869 aua
229 684 373 761 ratione
393 707 480 763 cnm
502 711 548 765 eo
574 684 671 761 uniri
692 681 847 759 fervidis
875 683 975 759 adeo
1001 683 1061 761 de·

160 785 274 862 denis
298 787 472 883 quaerit‘i
518 786 582 864 Ad
615 785 775 884 primam
800 781 1062 863 difficultatem
1101 836 1106 883 ,

132 885 359 985 respondeo,
383 910 445 967 inc
466 911 660 987 nunquam
679 880 834 970 dixiffe,
859 886 966 981 quod
987 886 1063 964 ani·
1102 886 1106 955 i

131 1010 198 1073 nno
232 986 294 1067 bis
326 991 465 1068 amoris
489 989 690 1087 angoribus
722 986 942 1068 excruciata
981 986 1062 1065 suas
1101 1010 1106 1139 ι

129 1089 232 1177 inter
257 1091 430 1189 tenebras
450 1093 572 1171 Deum
597 1089 810 1193 nullatcnus
829 1086 1061 1187 cognoscatt

87 1278 92 1289 ,
129 1188 206 1293 bac
228 1191 377 1289 „ratione
405 1194 505 1271 enim
532 1194 662 1288 utique
684 1174 900 1289 impoffibile
938 1191 1060 1278 foret,
1104 1230 1106 1251 ι

96 1380 99 1386 .
130 1303 178 1371 ut
200 1315 288 1388 cum
311 1309 481 1375 amaru:
508 1293 694 1403 cognoscit
711 1301 821 1381 eum',
846 1291 911 1371 sod
927 1292 1062 1389 obsco
1103 1306 1106 1331 ¹

130 1415 198 1487 cc..
261 1384 369 1476 Unde
402 1396 477 1475 dici
503 1395 732 1476 soluonmodo
769 1394 888 1494 potest
911 1444 928 1484 ,=
965 1393 1060 1511 quod
1103 1338 1106 1483 i

104 1577 107 1581 ,
131 1519 223 1575 cum
240 1495 325 1596 plus
345 1512 471 1585 amet,
494 1520 608 1595 quam
627 1494 845 1594 cognoscat:
874 1495 1060 1594 cognoscit

99 1610 103 1621 ’
129 1620 221 1679 oum
240 1595 409 1690 obscure,
436 1616 539 1677 amnt
559 1612 687 1681 autem
704 1599 885 1677 vivaciter
910 1599 956 1680 δι
978 1619 1059 1676 cum
1104 1690 1106 1703 Ι

131 1699 287 1790 ardore:
313 1700 412 1780 licet·
424 1702 524 1778 euim
544 1701 721 1781 voluntas
741 1698 816 1777 sinc
840 1701 952 1779 omni
972 1722 1059 1802 prae·

131 1799 206 1884 via·
223 1801 435 1897 cognitione
467 1826 594 1883 amare
619 1828 696 1878 non
719 1800 821 1901 poffit
853 1802 970 1901 juxta
997 1827 1060 1879 no

130 1912 216 1992 tum
237 1901 329 1979 illud
346 1903 583 2002 principium:
608 1900 674 1980 Nil
692 1901 848 1990 volitum,
877 1909 967 1999 quio
978 1925 1059 2003 pru·

129 2003 1061 2206 coinnibbnannbbnnb

106 2224 108 2228 ·
130 2205 369 2302 cognoscere,
393 2229 507 2305 quam
527 2231 678 2299 amare,
701 2207 741 2288 δι
763 2208 921 2288 vicissim
941 2209 1060 2308 magis

130 2330 259 2397 amare
282 2328 395 2405 quam
418 2310 647 2408 cognoscere.
720 2309 764 2387 ld
789 2312 890 2406 quod
916 2311 958 2389 in
981 2310 1061 2395 casu

129 2409 253 2493 nostro
278 2410 428 2505 veritati
467 2435 512 2488 eo
537 2411 659 2508 magis
688 2409 982 2504 consentaneum
1008 2411 1060 2489 vi·

127 2510 265 2606 ¹cietur,
300 2512 398 2608 quod
416 2511 662 2591 inflammatio
680 2570 692 2602 ,
726 2514 774 2594 de
796 2533 871 2610 qua
888 2512 1060 2591 sermoci-

18 2626 21 2630 ’
127 2633 289 2702 namur,
314 2638 389 2688 non
419 2612 463 2692 fit
489 2638 593 2691 amor
616 2671 626 2703 ,
653 2637 764 2711 quem
794 2615 878 2711 quis
901 2615 1060 2716 propriis

86 2796 89 2802 ,
127 2712 480 2803 considerationibus
509 2713 550 2793 δι
581 2715 767 2792 iudustn'is
793 2717 965 2794 excitare
983 2714 1060 2818 pos·

85 2813 105 2839 ²
127 2809 205 2893 fit:
239 2802 344 2890 unior
370 2816 432 2891 hic
451 2815 625 2893 estamor
645 2815 785 2894 infusus
810 2818 962 2910 aDeo,
984 2819 1058 2916 qui.

125 2915 219 2990 dum
248 2914 354 2991 illum
383 2918 519 2993 animae
549 2917 746 3005 infundit,
783 2919 929 2996 nullam
958 2934 1057 2997 certe

95 3104 97 3108 ‚
126 3038 216 3092 cum
237 3015 319 3116 ejus
342 3018 615 3115 cognitionibus
634 3022 911 3120 proportionem
940 3021 1059 3101 serva·

123 3137 167 3197 te
184 3118 342 3196 tenotur.
400 3117 480 3198 ·Ad
499 3118 697 3198 fecundam
721 3122 983 3202 difficultatem
1004 3125 1058 3200 di·

124 3240 200 3307 co,
233 3220 331 3316 quod
362 3218 435 3298 hoc
458 3246 507 3298 ex
538 3223 700 3318 quadam
728 3225 868 3301 amoris
893 3227 1055 3327 proprie·

117 3326 205 3405 tute
222 3319 365 3401 oriatur
389 3374 403 3413 ,
435 3346 485 3403 ex
513 3323 587 3406 hac
610 3323 769 3426 scilicet,
802 3329 906 3428 quod
927 3353 1053 3407 amau·

919 3442 1012 3524 tem,
