2220 3870
169 108 329 254 spiritus
341 110 589 253 purgationis
612 107 863 211 adminicula.
906 128 994 233 603
1069 186 1074 193 -

63 277 176 374 mal,
215 300 327 384 atque
379 309 428 360 ex
469 286 614 382 propria
652 286 888 382 'experientia
928 254 1012 369 nti*

71 401 302 485 compertum
332 385 406 462 esse*
422 386 604 474 testatur,
641 389 786 486 eoquod
817 391 856 464 in
881 389 996 464 veho·

68 491 258 571 mentibus
289 487 365 568 suis
406 487 683 567 infirmitatibus
705 491 827 567 morti
860 488 995 586 saepnrs

70 585 193 669 vicina
228 590 350 669 fuerit.
400 590 497 668 Tum
521 591 634 678 dicit‚·
673 592 776 694 quod
804 591 996 669 letali-hoc

69 694 248 789 languore
276 690 408 772 afflista
433 715 485 767 ex
507 692 742 771 vehementia
765 694 902 771 doloris
915 716 997 771 om·
1021 754 1022 758 a
1047 702 1050 707 ’

72 798 178 876 nium
213 792 382 872 sensuum
419 792 485 872 usu
519 791 633 897 suerit
676 793 868 882 destituta,-
896 797 997 897 quod
1028 832 1033 854 ι

71 895 291 978 arteriarum
315 892 437 992 pulsus
456 893 677 984 defecerint,
704 896 803 992 quod
828 894 996 975 brachin-
1026 981 1033 989 ⁸

10 1030 14 1079 ε
69 1021 155 1078 rum
178 994 250 1078 ossa
266 997 411 1072 ¹suerint
437 996 583 1091 luxata,
609 997 709 1093 quod
736 1021 870 1075 manus
898 999 996 1087 obri·

10 1174 14 1184 ,
55 1099 237 1198 -gueri‘nt,
264 1100 435 1195 quodque
466 1121 531 1201 per
554 1097 696 1195 aliquot
723 1100 804 1177 dies
831 1101 998 1199 qnando·
1034 1099 1037 1104 ’

10 1240 15 1285 ι
70 1224 145 1298 que
165 1225 188 1276 a
209 1203 330 1300 capite
355 1202 404 1276 ad
420 1200 567 1299 plantas
594 1200 794 1277 doloribus<
809 1196 999 1279 cumulata

10 1320 14 1388 ξ
68 1301 329 1425 permanserit,
372 1301 411 1379 dt
440 1301 634 1400 adjungit,
668 1303 788 1404 quod,
814 1304 904 1383 dum
922 1302 995 1379 ltu·

14 1451 44 1503 1„
67 1404 282 1509 Juscemodi‘
305 1403 424 1479 oratio
450 1404 667 1481 continuata
683 1403 773 1492 suit,
800 1403 997 1481 crediderit

67 1506 142 1582 sese
175 1506 326 1602 tandem
351 1505 429 1584 vita
450 1505 678 1594 exuendam,
703 1504 742 1581 dc
762 1504 996 1584 molestorum

67 1607 218 1686 illorum
243 1606 502 1683 defideriorum
520 1605 700 1704 objestum
718 1605 996 1685 consecuturam

67 1707 151 1788 esse.
203 1707 453 1786 Nihilominus
486 1701 995 1807 assent,2quodletale1hoo

67 1809 312 1908 supplicium:
332 1811 433 1890 haud
457 1807 632 1888 secusne
662 1810 725 1886 alii
753 1810 891 1903 amoris
912 1830 996 1887 cru·
1045 1824 1049 1830 ’

68 1912 194 1992 clatus
216 1909 291 2012 (ut
315 1908 449 2010 saepius
460 1909 655 2006 diximus)
688 1912 855 1989 animam
877 1912 997 1989 maxi-

67 2035 220 2111 mopere
241 2012 347 2091 simul
363 2012 518 2093 detester
540 2015 657 2100 adeo,
694 2027 736 2090 ut
750 2015 788 2089 in
811 2037 856 2088 eo
884 2011 995 2091 semel

64 2115 479 2215 constitutanunquam
505 2114 591 2191 iude
615 2114 716 2190 exire
741 2113 864 2191 vellet.
901 2114 997 2190 ·lmo
1061 2114 1064 2125 '

65 2216 163 2291 dicit
187 2215 369 2302 tandem,
403 2216 502 2295 hunc
528 2216 665 2292 amoris
691 2239 848 2309 agonem
874 2238 898 2291 a
923 2213 995 2293 sese

66 2316 194 2413 magis
220 2336 332 2412 quarn
359 2339 489 2394 omnes
516 2314 630 2404 alias,
645 2376 647 2381 .
664 2316 903 2410 quantumvis
930 2338 997 2395 ex·

67 2418 209 2505 celsas,
246 2417 380 2512 quibus
404 2441 426 2491 a
453 2416 613 2493 Domino
637 2417 828 2498 cumulata·
850 2417 995 2510 fuerat.

59 2517 339 2620 „gratiasssuilse
364 2519 592 2598 adamatum.
655 2554 659 2560 ’
730 2590 736 2601 ,
982 2564 984 2569 -
1066 2540 1069 2546 ·

70 2749 159 2805 222.
213 2747 275 2805 am
301 2719 583 2799 acuriffimomm
606 2720 761 2810 horum,
788 2722 921 2816 qulbus
954 2748 996 2805 a·
1036 2767 1038 2771 ν

238 2827 340 2900 nima
362 2825 410 2903 ad
435 2835 827 2920 extremumeagonem
845 2825 998 2904 deduci-

68 2939 150 3011 tur,
175 2926 433 3004 desideriorum
457 2921 596 3000 caussas
621 2925 861 3000 declaremus.
888 2924 996 3012 Quod
1087 2926 1090 2944 '

68 3030 195 3121 anima
218 3029 258 3104 in
282 3027 425 3124 ingenti
451 3025 514 3103 illa
535 3024 728 3106 solitudine
744 3026 995 3116 constituatur,

68 3156 118 3208 ex
155 3129 407 3229 repudiatione
446 3122 701 3226 proficiscitur,
733 3129 772 3204 vi
805 3128 910 3227 cujus
947 3150 996 3210 ex

68 3232 234 3319 efficaci,
261 3232 358 3327 quod
382 3232 422 3304 in
446 3229 511 3306 illa
536 3230 740 3319 excitatur,
768 3230 838 3305 Dei
857 3228 996 3308 denda

66 3336 126 3416 rio
150 3344 275 3413 creata
297 3331 425 3412 omnin
447 3329 622 3432 despicit,
647 3328 878 3513 respuitquel.)
890 3331 1000 3419 Quod
1089 3402 1090 3412 r

809 3500 810 3504 t
881 3456 949 3513 eus

571 3570 590 3625 l
