2220 3870
130 168 221 265 514·
256 136 349 273 ¹Tr.
383 135 434 243 V·
462 88 570 272 Cap.
592 135 704 237 XV.
728 137 801 235 De
812 126 988 277 spiritus
1050 202 1058 209 κ

132 312 373 407 commodet,
396 332 465 387 nec
491 308 591 384 hunc
616 307 657 383 in
668 294 878 403 tranquillis
888 308 966 386 ¹suis
977 335 1064 387 con.

65 502 67 507 ,
131 410 436 514 templationibus
456 410 655 508 impediat,
672 429 911 506 nequaquam
924 428 1065 503 autem,

41 566 48 583 ,
130 535 176 597 ut
200 517 281 617 ejus
304 512 524 597 rebelliones
550 508 650 607 quali
675 511 823 608 penitus
850 513 1065 612 depriman-

130 633 212 707 tur,
238 617 391 716 eJusque
416 611 582 713 superbia
607 611 707 709 quali
735 613 952 710 omnigenis
979 618 1066 692 edo·

129 718 338 807 metur‚ita
363 728 407 792 ut
432 717 482 791 ad
504 715 655 812 genium
679 711 782 790 suum
800 739 880 790 non
898 718 1064 817 amplius

130 822 277 901 redeat:
305 815 454 917 apposui
477 813 697 915 particulam
717 815 949 897 limitantem
962 821 1064 919 qaofi:

128 922 222 1021 'quia
259 919 436 1018 pelliones
469 917 543 1007 ita,
584 927 629 994 ut
661 915 875 995 nullatenus
903 920 1064 1020 amplius

131 1021 421 1126 persentiantur,
447 1018 664 1116 extinguere
688 1019 728 1094 in
751 1017 920 1099 hac'vita
931 1020 1066 1099 nonest

59 1218 62 1223 Ι
131 1124 303 1227 pollrbile.
355 1111 441 1200 Hoc
466 1121 609 1218 igitur,
644 1131 688 1198 ut
712 1120 950 1213 obtineatur,
983 1145 1065 1223 pur·

65 1232 77 1257 ⁸
132 1228 236 1326 gatio
260 1224 408 1324 spiritus
421 1221 472 1298 est
493 1218 688 1298 neceffaria
701 1277 711 1307 ,
725 1220 975 1323 vioujosnon
990 1249 1064 1302 mo-

133 1330 183 1406 do
194 1327 340 1426 spiritus
371 1325 534 1401 mundus
554 1348 599 1400 ac
614 1344 729 1422 purus
740 1321 925 1416 efficitur,
942 1325 1006 1404 sed
1020 1323 1062 1405 or

130 1426 254 1508 sensus
281 1426 429 1504 rebellis
442 1426 612 1525 purgatio
627 1423 842 1524 completur.
871 1428 1061 1530 Quaprop·
1093 1454 1099 1587 ι

130 1543 190 1609 ter
214 1529 241 1606 sr
266 1529 369 1606 Deus
395 1529 595 1604 terminata
620 1527 839 1626 purgatione
863 1527 994 1608 sensus
1025 1554 1061 1607 a·

20 1718 26 1724 ,
131 1631 275 1710 nimam
301 1630 350 1707 ad
375 1627 602 1706 sublimiores
627 1626 755 1706 infuse
778 1633 1061 1731 contemplatio·
1097 1628 1099 1693 i

128 1733 191 1809 nis
218 1732 356 1828 gradus
382 1731 529 1808 elevare
557 1753 634 1806 non
657 1729 766 1816 velit,
785 1730 968 1829 relinquit
984 1755 1061 1813 eam
1096 1784 1099 1809 2

128 1833 171 1912 in
196 1833 261 1911 illo
285 1833 399 1921 statu,
423 1855 510 1909 cunr
535 1843 681 1908 tantam
705 1832 1062 1930 purgationemcon·
1096 1840 1099 1917 i

128 1932 255 2014 secuta
280 1934 357 2035 jam
382 1931 443 2023 fit,
470 1947 609 2030 quanta
635 1935 684 2010 ad
709 1932 896 2011 inferioris
923 1938 1061 2020 ordinlr
1095 1924 1099 1979 ¹

129 2036 506 2134 contemplationem,
531 2032 570 2113 &
593 2035 642 2111 ad
655 2034 742 2111 bon
759 2035 854 2112 adeo
878 2037 1061 2128 intimam,

129 2161 202 2219 nec
226 2140 320 2215 adeo
344 2136 501 2214 stritlam
536 2159 622 2215 cum
654 2136 734 2213 Deo
768 2136 1061 2237 familiaritatem
1095 2112 1099 2203 l

128 2237 275 2319 sufficit.
327 2240 371 2317 Si
400 2259 489 2315 vero
514 2237 564 2314 ad
589 2237 773 2314 unionem·
796 2238 999 2338 mysticam
1028 2265 1060 2323 a
1092 2280 1097 2315 l

128 2340 328 2426 frendere,
353 2338 393 2419 &
417 2341 457 2416 in
488 2339 631 2427 Deum,
667 2339 852 2439 praecipue
878 2342 1057 2442 perfetta,

127 2442 268 2531 stabili,
307 2439 347 2520 &
382 2439 483 2539 quasi
515 2438 698 2517 insolubili
720 2440 805 2529 illa,
828 2462 958 2538 quam
977 2446 1057 2527 rn-

129 2541 230 2621 &atu
256 2557 388 2640 quarto
413 2540 706 2633 declaravimuS,
726 2544 865 2621 unione
883 2547 1057 2625 transfor

129 2645 225 2720 mari
255 2646 419 2733 debeat,
445 2644 605 2719 transire
639 2666 724 2720 eam
760 2658 909 2743 oportet
935 2671 1005 2749 per
1027 2670 1058 2724 a·

132 2744 375 2822 cerbiffimum
409 2743 638 2844 purgationis
663 2743 808 2844 spiritus
851 2747 1058 2834 clibanum.

36 2850 40 2855 “
124 2844 166 2922 in
192 2867 265 2942 quo
287 2858 367 2924 tam
389 2848 512 2943 quoad
552 2843 785 2935 sensitivam,
807 2869 924 2943 quam
940 2847 1055 2949 quoad
1094 2912 1097 2927 .

127 2947 350 3023 rationalem
376 2960 519 3047 partem
541 2948 595 3024 ita
619 2948 823 3046 expolitur,
841 2964 887 3029 ut
910 2949 1057 3053 (quau-

126 3059 209 3124 tum
247 3049 378 3126 misera
403 3048 484 3149 ejus
510 3049 675 3125 conditio
698 3050 851 3149 ,patitur
886 3049 906 3151 )
934 3051 1055 3131 finalia

121 3151 300 3329 ῐεᾴἀεὲιὲτ
324 3150 404 3330 [ileo
447 3149 521 3243 illi,
545 3171 708 3249 quocum
733 3151 830 3232 adeo
854 3152 1054 3235 sublimiter

121 3271 237 3330 umen
315 3274 381 3330 e.

922 3479 1008 3563 ¹55»
