<?xml version="1.0" encoding="UTF-8"?>
<!DOCTYPE html PUBLIC "-//W3C//DTD XHTML 1.0 Transitional//EN"
    "http://www.w3.org/TR/xhtml1/DTD/xhtml1-transitional.dtd">
<html xmlns="http://www.w3.org/1999/xhtml" xml:lang="en" lang="en">
 <head>
  <title>
</title>
<meta http-equiv="Content-Type" content="text/html;charset=utf-8" />
  <meta name='ocr-system' content='tesseract 3.04.00' />
  <meta name='ocr-capabilities' content='ocr_page ocr_carea ocr_par ocr_line ocrx_word'/>
</head>
<body>
  <div class='ocr_page' id='page_1' title='image "./directoriummyst00scargoog_0350.png"; bbox 0 0 2220 3870; ppageno 0'>
   <div class='ocr_carea' id='block_1_1' title="bbox 65 178 949 328">
    <p class='ocr_par' dir='ltr' id='par_1_1' title="bbox 65 178 949 328">
     <span class='ocr_line' id='line_1_1' title="bbox 65 178 949 328; baseline 0.002 -38"><span class='ocrx_word' id='word_1_1' title='bbox 65 180 74 213; x_wconf 63' lang='lat'>⁸</span> <span class='ocrx_word' id='word_1_2' title='bbox 109 223 312 292; x_wconf 69' lang='lat' dir='ltr'><strong>pererras</strong></span> <span class='ocrx_word' id='word_1_3' title='bbox 355 192 606 328; x_wconf 68' lang='lat' dir='ltr'><strong>purgatoris</strong></span> <span class='ocrx_word' id='word_1_4' title='bbox 634 178 712 323; x_wconf 75' lang='lat' dir='ltr'><strong>fin</strong></span> <span class='ocrx_word' id='word_1_5' title='bbox 727 224 787 291; x_wconf 80' lang='lat' dir='ltr'><strong>res.</strong></span> <span class='ocrx_word' id='word_1_6' title='bbox 867 208 949 315; x_wconf 72' lang='lat' dir='ltr'><strong>sm</strong></span> 
     </span>
    </p>
   </div>
   <div class='ocr_carea' id='block_1_2' title="bbox 54 352 950 1481">
    <p class='ocr_par' dir='ltr' id='par_1_2' title="bbox 54 352 950 1481">
     <span class='ocr_line' id='line_1_2' title="bbox 54 352 950 462; baseline 0 -21"><span class='ocrx_word' id='word_1_7' title='bbox 54 362 219 445; x_wconf 78' lang='lat' dir='ltr'><strong>nfitivus</strong></span> <span class='ocrx_word' id='word_1_8' title='bbox 245 362 433 462; x_wconf 88' lang='lat' dir='ltr'><strong>appetitus</strong></span> <span class='ocrx_word' id='word_1_9' title='bbox 466 359 701 459; x_wconf 81' lang='lat' dir='ltr'>deprimitur,</span> <span class='ocrx_word' id='word_1_10' title='bbox 735 352 862 442; x_wconf 78' lang='lat' dir='ltr'><strong>anir&#39;na</strong></span> <span class='ocrx_word' id='word_1_11' title='bbox 899 368 950 447; x_wconf 81' lang='lat' dir='ltr'><strong>ab</strong></span> 
     </span>
     <span class='ocr_line' id='line_1_3' title="bbox 54 462 948 560; baseline -0.015 -14"><span class='ocrx_word' id='word_1_12' title='bbox 54 468 130 547; x_wconf 85' lang='lat' dir='ltr'><strong>mni</strong></span> <span class='ocrx_word' id='word_1_13' title='bbox 154 462 307 555; x_wconf 78' lang='lat' dir='ltr'><strong>sensibili</strong></span> <span class='ocrx_word' id='word_1_14' title='bbox 342 487 427 558; x_wconf 77' lang='lat' dir='ltr'><strong>erga</strong></span> <span class='ocrx_word' id='word_1_15' title='bbox 455 462 612 539; x_wconf 84' lang='lat' dir='ltr'><strong>caelestia</strong></span> <span class='ocrx_word' id='word_1_16' title='bbox 642 484 770 560; x_wconf 86' lang='lat' dir='ltr'><strong>aeque,</strong></span> <span class='ocrx_word' id='word_1_17' title='bbox 789 490 836 542; x_wconf 86' lang='lat' dir='ltr'><strong>ac</strong></span> <span class='ocrx_word' id='word_1_18' title='bbox 871 479 948 547; x_wconf 74' lang='lat' dir='ltr'><strong>ter.</strong></span> 
     </span>
     <span class='ocr_line' id='line_1_4' title="bbox 54 562 947 669; baseline -0.016 -20"><span class='ocrx_word' id='word_1_19' title='bbox 54 595 115 649; x_wconf 72' lang='lat' dir='ltr'><strong>ena</strong></span> <span class='ocrx_word' id='word_1_20' title='bbox 152 567 292 669; x_wconf 73' lang='lat' dir='ltr'><strong>objetia</strong></span> <span class='ocrx_word' id='word_1_21' title='bbox 321 562 511 644; x_wconf 75' lang='lat' dir='ltr'><strong>affeffione</strong></span> <span class='ocrx_word' id='word_1_22' title='bbox 537 564 775 656; x_wconf 86' lang='lat' dir='ltr'><strong>abstrahitur,</strong></span> <span class='ocrx_word' id='word_1_23' title='bbox 804 567 844 647; x_wconf 74' lang='lat' dir='ltr'><strong>dr</strong></span> <span class='ocrx_word' id='word_1_24' title='bbox 860 568 947 669; x_wconf 74' lang='lat' dir='ltr'><strong>jux.</strong></span> 
     </span>
     <span class='ocr_line' id='line_1_5' title="bbox 54 665 946 774; baseline 0.003 -22"><span class='ocrx_word' id='word_1_25' title='bbox 54 704 61 752; x_wconf 86' lang='grc' dir='ltr'>ι</span> <span class='ocrx_word' id='word_1_26' title='bbox 91 672 176 774; x_wconf 88' lang='lat' dir='ltr'><strong>puri</strong></span> <span class='ocrx_word' id='word_1_27' title='bbox 206 669 379 769; x_wconf 79' lang='lat' dir='ltr'><strong>spiritus,</strong></span> <span class='ocrx_word' id='word_1_28' title='bbox 408 691 453 745; x_wconf 88' lang='lat' dir='ltr'><strong>ac</strong></span> <span class='ocrx_word' id='word_1_29' title='bbox 484 665 609 743; x_wconf 80' lang='lat' dir='ltr'><strong>solidae</strong></span> <span class='ocrx_word' id='word_1_30' title='bbox 647 669 797 746; x_wconf 87' lang='lat' dir='ltr'><strong>virtutis</strong></span> <span class='ocrx_word' id='word_1_31' title='bbox 844 670 946 755; x_wconf 77' lang='lat' dir='ltr'><strong>sensa</strong></span> 
     </span>
     <span class='ocr_line' id='line_1_6' title="bbox 54 768 945 874; baseline 0.007 -26"><span class='ocrx_word' id='word_1_32' title='bbox 54 772 167 874; x_wconf 70' lang='lat' dir='ltr'><strong>pe&#39;rari</strong></span> <span class='ocrx_word' id='word_1_33' title='bbox 201 770 343 871; x_wconf 89' lang='lat' dir='ltr'><strong>incipit.</strong></span> <span class='ocrx_word' id='word_1_34' title='bbox 401 768 527 847; x_wconf 90' lang='lat' dir='ltr'><strong>Tertio</strong></span> <span class='ocrx_word' id='word_1_35' title='bbox 568 769 680 865; x_wconf 87' lang='lat' dir='ltr'><strong>quod&#39;</strong></span> <span class='ocrx_word' id='word_1_36' title='bbox 703 774 945 869; x_wconf 73' lang='lat' dir='ltr'><strong>purgatione·</strong></span> 
     </span>
     <span class='ocr_line' id='line_1_7' title="bbox 56 872 945 976; baseline 0.001 -23"><span class='ocrx_word' id='word_1_37' title='bbox 56 875 144 961; x_wconf 84' lang='lat' dir='ltr'><strong>nsus</strong></span> <span class='ocrx_word' id='word_1_38' title='bbox 178 887 270 951; x_wconf 90' lang='lat' dir='ltr'><strong>tunc</strong></span> <span class='ocrx_word' id='word_1_39' title='bbox 295 873 544 962; x_wconf 86' lang='lat' dir='ltr'><strong>inchoentur,</strong></span> <span class='ocrx_word' id='word_1_40' title='bbox 579 872 669 946; x_wconf 88' lang='lat' dir='ltr'><strong>dum</strong></span> <span class='ocrx_word' id='word_1_41' title='bbox 710 875 836 951; x_wconf 88' lang='lat' dir='ltr'><strong>anima</strong></span> <span class='ocrx_word' id='word_1_42' title='bbox 866 878 945 976; x_wconf 82' lang='lat' dir='ltr'><strong>post</strong></span> 
     </span>
     <span class='ocr_line' id='line_1_8' title="bbox 54 968 944 1077; baseline 0.003 -22"><span class='ocrx_word' id='word_1_43' title='bbox 54 976 265 1077; x_wconf 82' lang='lat' dir='ltr'><strong>›mplurium</strong></span> <span class='ocrx_word' id='word_1_44' title='bbox 308 974 506 1064; x_wconf 86' lang='lat' dir='ltr'><strong>favorum,</strong></span> <span class='ocrx_word' id='word_1_45' title='bbox 548 968 589 1049; x_wconf 73' lang='grc' dir='ltr'><strong>δι</strong></span> <span class='ocrx_word' id='word_1_46' title='bbox 650 972 944 1059; x_wconf 84' lang='lat' dir='ltr'><strong>consolationum</strong></span> 
     </span>
     <span class='ocr_line' id='line_1_9' title="bbox 54 1074 945 1179; baseline 0.004 -24"><span class='ocrx_word' id='word_1_47' title='bbox 54 1078 299 1178; x_wconf 69' lang='lat' dir='ltr'><strong>asperitatem</strong></span> <span class='ocrx_word' id='word_1_48' title='bbox 337 1077 551 1179; x_wconf 83' lang='lat' dir='ltr'><strong>diuturnam</strong></span> <span class='ocrx_word' id='word_1_49' title='bbox 592 1074 803 1151; x_wconf 81' lang='lat' dir='ltr'><strong>ariditatem</strong></span> <span class='ocrx_word' id='word_1_50' title='bbox 820 1078 945 1177; x_wconf 77' lang='lat' dir='ltr'><strong>ingre·</strong></span> 
     </span>
     <span class='ocr_line' id='line_1_10' title="bbox 55 1176 944 1277; baseline -0.011 -22"><span class='ocrx_word' id='word_1_51' title='bbox 55 1194 141 1270; x_wconf 86' lang='lat' dir='ltr'><strong>tur,</strong></span> <span class='ocrx_word' id='word_1_52' title='bbox 165 1178 205 1256; x_wconf 90' lang='lat'><strong>&amp;</strong></span> <span class='ocrx_word' id='word_1_53' title='bbox 241 1176 340 1277; x_wconf 79' lang='lat' dir='ltr'><strong>quast</strong></span> <span class='ocrx_word' id='word_1_54' title='bbox 387 1202 412 1255; x_wconf 89' lang='lat' dir='ltr'><strong>a</strong></span> <span class='ocrx_word' id='word_1_55' title='bbox 436 1178 537 1253; x_wconf 75' lang='lat' dir='ltr'><strong>claro</strong></span> <span class='ocrx_word' id='word_1_56' title='bbox 559 1178 713 1252; x_wconf 88' lang='lat' dir='ltr'><strong>meridie</strong></span> <span class='ocrx_word' id='word_1_57' title='bbox 737 1176 776 1252; x_wconf 90' lang='lat' dir='ltr'><strong>in</strong></span> <span class='ocrx_word' id='word_1_58' title='bbox 815 1178 944 1261; x_wconf 86' lang='lat' dir='ltr'><strong>obscu.</strong></span> 
     </span>
     <span class='ocr_line' id='line_1_11' title="bbox 55 1277 941 1381; baseline 0 -22"><span class='ocrx_word' id='word_1_59' title='bbox 55 1306 100 1359; x_wconf 90' lang='lat' dir='ltr'><strong>m</strong></span> <span class='ocrx_word' id='word_1_60' title='bbox 132 1282 280 1358; x_wconf 75' lang='lat' dir='ltr'><strong>nostem</strong></span> <span class='ocrx_word' id='word_1_61' title='bbox 306 1277 462 1376; x_wconf 84' lang='lat' dir='ltr'><strong>migrat:</strong></span> <span class='ocrx_word' id='word_1_62' title='bbox 503 1288 613 1378; x_wconf 87' lang='lat' dir='ltr'><strong>prout</strong></span> <span class='ocrx_word' id='word_1_63' title='bbox 640 1278 680 1355; x_wconf 87' lang='lat' dir='ltr'><strong>S.</strong></span> <span class='ocrx_word' id='word_1_64' title='bbox 713 1278 875 1381; x_wconf 85' lang='lat' dir='ltr'><strong>Joannes</strong></span> <span class='ocrx_word' id='word_1_65' title='bbox 915 1306 941 1368; x_wconf 76' lang='lat' dir='ltr'><strong>a</strong></span> 
     </span>
     <span class='ocr_line' id='line_1_12' title="bbox 54 1379 599 1481; baseline -0.007 -19"><span class='ocrx_word' id='word_1_66' title='bbox 54 1382 141 1463; x_wconf 77' lang='lat' dir='ltr'><strong>r&#39;uce</strong></span> <span class='ocrx_word' id='word_1_67' title='bbox 173 1406 239 1461; x_wconf 82' lang='lat' dir='ltr'><strong>eas</strong></span> <span class='ocrx_word' id='word_1_68' title='bbox 269 1379 394 1481; x_wconf 83' lang='lat' dir='ltr'><strong>reapse</strong></span> <span class='ocrx_word' id='word_1_69' title='bbox 426 1380 599 1480; x_wconf 85' lang='lat' dir='ltr'><strong>appellat.</strong></span> 
     </span>
    </p>
   </div>
   <div class='ocr_carea' id='block_1_3' title="bbox 55 1580 948 3609">
    <p class='ocr_par' dir='ltr' id='par_1_3' title="bbox 55 1580 941 1753">
     <span class='ocr_line' id='line_1_13' title="bbox 55 1580 941 1753; baseline -0.01 -87"><span class='ocrx_word' id='word_1_70' title='bbox 55 1612 80 1666; x_wconf 82' lang='lat' dir='ltr'><strong>r.</strong></span> <span class='ocrx_word' id='word_1_71' title='bbox 94 1584 242 1753; x_wconf 81' lang='lat' dir='ltr'><strong>Cum</strong></span> <span class='ocrx_word' id='word_1_72' title='bbox 268 1607 359 1661; x_wconf 85' lang='lat' dir='ltr'><strong>vero</strong></span> <span class='ocrx_word' id='word_1_73' title='bbox 386 1583 427 1659; x_wconf 93' lang='lat' dir='ltr'><strong>in</strong></span> <span class='ocrx_word' id='word_1_74' title='bbox 446 1580 941 1681; x_wconf 73' lang='lat' dir='ltr'><strong>ditiis-incipientibusmul.</strong></span> 
     </span>
    </p>

    <p class='ocr_par' dir='ltr' id='par_1_4' title="bbox 55 1683 948 3609">
     <span class='ocr_line' id='line_1_14' title="bbox 200 1683 941 1784; baseline 0.005 -18"><span class='ocrx_word' id='word_1_75' title='bbox 200 1687 236 1766; x_wconf 89' lang='lat' dir='ltr'><strong>ti</strong></span> <span class='ocrx_word' id='word_1_76' title='bbox 257 1684 297 1764; x_wconf 83' lang='lat' dir='ltr'><strong>dt</strong></span> <span class='ocrx_word' id='word_1_77' title='bbox 322 1684 475 1784; x_wconf 84' lang='lat' dir='ltr'><strong>magni,</strong></span> <span class='ocrx_word' id='word_1_78' title='bbox 496 1683 597 1780; x_wconf 87' lang='lat' dir='ltr'><strong>iique</strong></span> <span class='ocrx_word' id='word_1_79' title='bbox 617 1684 658 1760; x_wconf 91' lang='lat' dir='ltr'><strong>in</strong></span> <span class='ocrx_word' id='word_1_80' title='bbox 675 1694 780 1783; x_wconf 82' lang='lat' dir='ltr'><strong>parte</strong></span> <span class='ocrx_word' id='word_1_81' title='bbox 802 1688 941 1771; x_wconf 84' lang='lat' dir='ltr'><strong>senfiti·</strong></span> 
     </span>
     <span class='ocr_line' id='line_1_15' title="bbox 55 1785 941 1891; baseline 0.003 -22"><span class='ocrx_word' id='word_1_82' title='bbox 55 1818 65 1869; x_wconf 83' lang='grc' dir='ltr'>ι</span> <span class='ocrx_word' id='word_1_83' title='bbox 94 1787 277 1891; x_wconf 87' lang='lat' dir='ltr'><strong>profunde</strong></span> <span class='ocrx_word' id='word_1_84' title='bbox 309 1787 466 1867; x_wconf 89' lang='lat' dir='ltr'><strong>radicati</strong></span> <span class='ocrx_word' id='word_1_85' title='bbox 497 1785 660 1863; x_wconf 74' lang='lat' dir='ltr'><strong>desertus</strong></span> <span class='ocrx_word' id='word_1_86' title='bbox 683 1788 941 1888; x_wconf 86' lang='lat' dir='ltr'><strong>inveniantur,</strong></span> 
     </span>
     <span class='ocr_line' id='line_1_16' title="bbox 55 1888 942 1992; baseline 0.008 -23"><span class='ocrx_word' id='word_1_87' title='bbox 55 1906 106 1969; x_wconf 86' lang='lat' dir='ltr'><strong>:et</strong></span> <span class='ocrx_word' id='word_1_88' title='bbox 135 1890 202 1992; x_wconf 86' lang='lat' dir='ltr'><strong>ipsr</strong></span> <span class='ocrx_word' id='word_1_89' title='bbox 243 1914 308 1969; x_wconf 86' lang='lat' dir='ltr'><strong>eos</strong></span> <span class='ocrx_word' id='word_1_90' title='bbox 328 1904 404 1968; x_wconf 87' lang='lat' dir='ltr'><strong>non</strong></span> <span class='ocrx_word' id='word_1_91' title='bbox 432 1890 590 1978; x_wconf 87' lang='lat' dir='ltr'><strong>habere,</strong></span> <span class='ocrx_word' id='word_1_92' title='bbox 616 1888 694 1965; x_wconf 89' lang='lat' dir='ltr'><strong>imo</strong></span> <span class='ocrx_word' id='word_1_93' title='bbox 727 1891 768 1969; x_wconf 90' lang='lat' dir='ltr'><strong>in</strong></span> <span class='ocrx_word' id='word_1_94' title='bbox 798 1896 942 1976; x_wconf 77' lang='lat' dir='ltr'><strong>virtute</strong></span> 
     </span>
     <span class='ocr_line' id='line_1_17' title="bbox 55 1989 940 2095; baseline 0 -23"><span class='ocrx_word' id='word_1_95' title='bbox 55 1993 212 2072; x_wconf 76' lang='lat' dir='ltr'><strong>riistiana</strong></span> <span class='ocrx_word' id='word_1_96' title='bbox 232 1992 505 2093; x_wconf 73' lang='lat' dir='ltr'><strong>valdeprofedi</strong></span> <span class='ocrx_word' id='word_1_97' title='bbox 529 1989 594 2069; x_wconf 79' lang='lat' dir='ltr'><strong>sibi</strong></span> <span class='ocrx_word' id='word_1_98' title='bbox 614 1991 812 2072; x_wconf 83' lang='lat' dir='ltr'><strong>videantur</strong></span> <span class='ocrx_word' id='word_1_99' title='bbox 817 2018 832 2095; x_wconf 89' lang='lat'><strong>,·</strong></span> <span class='ocrx_word' id='word_1_100' title='bbox 849 1999 940 2079; x_wconf 74' lang='lat' dir='ltr'><strong>hino</strong></span> 
     </span>
     <span class='ocr_line' id='line_1_18' title="bbox 55 2094 939 2195; baseline 0.008 -22"><span class='ocrx_word' id='word_1_101' title='bbox 55 2096 100 2173; x_wconf 85' lang='lat' dir='ltr'><strong>iae</strong></span> <span class='ocrx_word' id='word_1_102' title='bbox 119 2096 304 2195; x_wconf 76' lang='lat' dir='ltr'><strong>pmdittae</strong></span> <span class='ocrx_word' id='word_1_103' title='bbox 314 2098 508 2173; x_wconf 78' lang='lat' dir='ltr'><strong>ariditates</strong></span> <span class='ocrx_word' id='word_1_104' title='bbox 520 2094 569 2170; x_wconf 91' lang='lat' dir='ltr'><strong>ad</strong></span> <span class='ocrx_word' id='word_1_105' title='bbox 581 2094 746 2172; x_wconf 87' lang='lat' dir='ltr'><strong>animam</strong></span> <span class='ocrx_word' id='word_1_106' title='bbox 765 2098 836 2175; x_wconf 90' lang='lat' dir='ltr'><strong>rite</strong></span> <span class='ocrx_word' id='word_1_107' title='bbox 877 2124 939 2180; x_wconf 90' lang='lat' dir='ltr'><strong>ur·</strong></span> 
     </span>
     <span class='ocr_line' id='line_1_19' title="bbox 55 2124 940 2305; baseline 0.006 -30"><span class='ocrx_word' id='word_1_108' title='bbox 55 2198 179 2276; x_wconf 86' lang='lat' dir='ltr'><strong>mdam</strong></span> <span class='ocrx_word' id='word_1_109' title='bbox 212 2201 372 2274; x_wconf 90' lang='lat' dir='ltr'><strong>necdum</strong></span> <span class='ocrx_word' id='word_1_110' title='bbox 408 2195 609 2286; x_wconf 87' lang='lat' dir='ltr'><strong>sufficiunt,</strong></span> <span class='ocrx_word' id='word_1_111' title='bbox 636 2198 822 2297; x_wconf 86' lang='lat' dir='ltr'><strong>praecipue¹</strong></span> <span class='ocrx_word' id='word_1_112' title='bbox 846 2124 876 2277; x_wconf 56' lang='lat' dir='ltr'>ss</span> <span class='ocrx_word' id='word_1_113' title='bbox 888 2204 940 2305; x_wconf 83' lang='lat' dir='ltr'><strong>ad</strong></span> 
     </span>
     <span class='ocr_line' id='line_1_20' title="bbox 55 2297 939 2398; baseline 0.002 -20"><span class='ocrx_word' id='word_1_114' title='bbox 55 2301 172 2378; x_wconf 88' lang='lat' dir='ltr'><strong>adum</strong></span> <span class='ocrx_word' id='word_1_115' title='bbox 203 2301 403 2397; x_wconf 85' lang='lat' dir='ltr'><strong>quemdam</strong></span> <span class='ocrx_word' id='word_1_116' title='bbox 438 2297 568 2375; x_wconf 78' lang='lat' dir='ltr'><strong>infusae</strong></span> <span class='ocrx_word' id='word_1_117' title='bbox 600 2302 939 2398; x_wconf 77' lang='lat' dir='ltr'><strong>contemplationirr,</strong></span> 
     </span>
     <span class='ocr_line' id='line_1_21' title="bbox 55 2400 940 2503; baseline 0.002 -24"><span class='ocrx_word' id='word_1_118' title='bbox 55 2408 63 2479; x_wconf 83' lang='lat' dir='ltr'><strong>i</strong></span> <span class='ocrx_word' id='word_1_119' title='bbox 102 2422 214 2499; x_wconf 91' lang='lat' dir='ltr'><strong>quem</strong></span> <span class='ocrx_word' id='word_1_120' title='bbox 252 2401 448 2503; x_wconf 87' lang='lat' dir='ltr'><strong>peculiaris</strong></span> <span class='ocrx_word' id='word_1_121' title='bbox 473 2400 677 2478; x_wconf 86' lang='lat' dir='ltr'><strong>mundities</strong></span> <span class='ocrx_word' id='word_1_122' title='bbox 719 2404 940 2498; x_wconf 86' lang='lat' dir='ltr'><strong>requiritur,</strong></span> 
     </span>
     <span class='ocr_line' id='line_1_22' title="bbox 55 2500 940 2599; baseline -0.005 -18"><span class='ocrx_word' id='word_1_123' title='bbox 55 2506 209 2581; x_wconf 81' lang='lat' dir='ltr'><strong>rendere</strong></span> <span class='ocrx_word' id='word_1_124' title='bbox 226 2506 387 2581; x_wconf 89' lang='lat' dir='ltr'><strong>debeant</strong></span> <span class='ocrx_word' id='word_1_125' title='bbox 394 2527 407 2599; x_wconf 89' lang='lat'><strong>,·</strong></span> <span class='ocrx_word' id='word_1_126' title='bbox 435 2503 495 2578; x_wconf 89' lang='lat' dir='ltr'><strong>sed</strong></span> <span class='ocrx_word' id='word_1_127' title='bbox 518 2500 756 2577; x_wconf 81' lang='lat' dir='ltr'><strong>necessarium</strong></span> <span class='ocrx_word' id='word_1_128' title='bbox 791 2504 861 2593; x_wconf 80' lang='lat' dir='ltr'><strong>est,</strong></span> <span class='ocrx_word' id='word_1_129' title='bbox 877 2560 881 2569; x_wconf 85' lang='lat'>.</span> <span class='ocrx_word' id='word_1_130' title='bbox 895 2517 940 2583; x_wconf 89' lang='lat' dir='ltr'><strong>ut</strong></span> 
     </span>
     <span class='ocr_line' id='line_1_23' title="bbox 55 2604 939 2704; baseline 0.006 -22"><span class='ocrx_word' id='word_1_131' title='bbox 55 2628 119 2682; x_wconf 78' lang='lat' dir='ltr'><strong>eus</strong></span> <span class='ocrx_word' id='word_1_132' title='bbox 154 2606 228 2684; x_wconf 87' lang='lat' dir='ltr'><strong>alia</strong></span> <span class='ocrx_word' id='word_1_133' title='bbox 264 2604 410 2704; x_wconf 85' lang='lat' dir='ltr'><strong>insuper</strong></span> <span class='ocrx_word' id='word_1_134' title='bbox 444 2604 483 2681; x_wconf 89' lang='lat'><strong>&amp;</strong></span> <span class='ocrx_word' id='word_1_135' title='bbox 511 2604 661 2700; x_wconf 88' lang='lat' dir='ltr'><strong>quidem</strong></span> <span class='ocrx_word' id='word_1_136' title='bbox 694 2605 939 2688; x_wconf 77' lang='lat' dir='ltr'><strong>molestiffirna</strong></span> 
     </span>
     <span class='ocr_line' id='line_1_24' title="bbox 55 2708 940 2805; baseline 0.006 -23"><span class='ocrx_word' id='word_1_137' title='bbox 55 2708 175 2784; x_wconf 87' lang='lat' dir='ltr'><strong>·licet</strong></span> <span class='ocrx_word' id='word_1_138' title='bbox 214 2709 400 2785; x_wconf 84' lang='lat' dir='ltr'><strong>remedia:</strong></span> <span class='ocrx_word' id='word_1_139' title='bbox 427 2721 649 2805; x_wconf 90' lang='lat' dir='ltr'><strong>quapropter</strong></span> <span class='ocrx_word' id='word_1_140' title='bbox 662 2709 774 2783; x_wconf 90' lang='lat' dir='ltr'><strong>modo</strong></span> <span class='ocrx_word' id='word_1_141' title='bbox 798 2710 940 2787; x_wconf 87' lang='lat' dir='ltr'><strong>daemo-</strong></span> 
     </span>
     <span class='ocr_line' id='line_1_25' title="bbox 55 2730 940 2910; baseline 0.002 -22"><span class='ocrx_word' id='word_1_142' title='bbox 55 2730 125 2888; x_wconf 53' lang='lat' dir='ltr'><strong>gos</strong></span> <span class='ocrx_word' id='word_1_143' title='bbox 165 2811 301 2901; x_wconf 88' lang='lat' dir='ltr'><strong>utitur,</strong></span> <span class='ocrx_word' id='word_1_144' title='bbox 327 2809 604 2910; x_wconf 87' lang='lat' dir='ltr'><strong>permittendo,</strong></span> <span class='ocrx_word' id='word_1_145' title='bbox 633 2822 677 2885; x_wconf 92' lang='lat' dir='ltr'><strong>ut</strong></span> <span class='ocrx_word' id='word_1_146' title='bbox 707 2832 791 2885; x_wconf 88' lang='lat' dir='ltr'><strong>eam</strong></span> <span class='ocrx_word' id='word_1_147' title='bbox 811 2810 872 2887; x_wconf 88' lang='lat' dir='ltr'><strong>vel</strong></span> <span class='ocrx_word' id='word_1_148' title='bbox 897 2813 940 2891; x_wconf 86' lang='lat' dir='ltr'><strong>in</strong></span> 
     </span>
     <span class='ocr_line' id='line_1_26' title="bbox 56 2912 939 3012; baseline 0.005 -24"><span class='ocrx_word' id='word_1_149' title='bbox 56 2934 191 3012; x_wconf 83' lang='lat' dir='ltr'><strong>rpore,</strong></span> <span class='ocrx_word' id='word_1_150' title='bbox 228 2912 288 2988; x_wconf 91' lang='lat' dir='ltr'><strong>vel</strong></span> <span class='ocrx_word' id='word_1_151' title='bbox 323 2912 518 2990; x_wconf 87' lang='lat' dir='ltr'><strong>inanima</strong></span> <span class='ocrx_word' id='word_1_152' title='bbox 559 2913 690 2987; x_wconf 82' lang='lat' dir='ltr'><strong>acerbe</strong></span> <span class='ocrx_word' id='word_1_153' title='bbox 722 2923 939 3008; x_wconf 76' lang='lat' dir='ltr'><strong>torqueant:</strong></span> 
     </span>
     <span class='ocr_line' id='line_1_27' title="bbox 56 3013 940 3113; baseline 0.003 -22"><span class='ocrx_word' id='word_1_154' title='bbox 56 3014 127 3091; x_wconf 91' lang='lat' dir='ltr'><strong>odo</strong></span> <span class='ocrx_word' id='word_1_155' title='bbox 162 3014 303 3093; x_wconf 72' lang='lat' dir='ltr'><strong>caussas</strong></span> <span class='ocrx_word' id='word_1_156' title='bbox 338 3014 528 3091; x_wconf 84' lang='lat' dir='ltr'><strong>naturales</strong></span> <span class='ocrx_word' id='word_1_157' title='bbox 562 3013 749 3110; x_wconf 87' lang='lat' dir='ltr'><strong>applicat,</strong></span> <span class='ocrx_word' id='word_1_158' title='bbox 774 3036 841 3113; x_wconf 89' lang='lat' dir='ltr'><strong>per</strong></span> <span class='ocrx_word' id='word_1_159' title='bbox 867 3015 940 3095; x_wconf 88' lang='lat' dir='ltr'><strong>sm·</strong></span> 
     </span>
     <span class='ocr_line' id='line_1_28' title="bbox 56 3113 940 3218; baseline -0.001 -24"><span class='ocrx_word' id='word_1_160' title='bbox 56 3116 180 3194; x_wconf 87' lang='lat' dir='ltr'><strong>larem</strong></span> <span class='ocrx_word' id='word_1_161' title='bbox 218 3116 490 3218; x_wconf 88' lang='lat' dir='ltr'><strong>providentiam</strong></span> <span class='ocrx_word' id='word_1_162' title='bbox 514 3113 758 3215; x_wconf 79' lang='lat' dir='ltr'><strong>disponendo,</strong></span> <span class='ocrx_word' id='word_1_163' title='bbox 796 3125 840 3192; x_wconf 93' lang='lat' dir='ltr'><strong>ut</strong></span> <span class='ocrx_word' id='word_1_164' title='bbox 872 3140 940 3193; x_wconf 87' lang='lat' dir='ltr'><strong>ex·</strong></span> 
     </span>
     <span class='ocr_line' id='line_1_29' title="bbox 56 3214 943 3315; baseline -0.001 -18"><span class='ocrx_word' id='word_1_165' title='bbox 56 3218 226 3297; x_wconf 76' lang='lat' dir='ltr'><strong>otiantes</strong></span> <span class='ocrx_word' id='word_1_166' title='bbox 270 3221 312 3296; x_wconf 93' lang='lat' dir='ltr'><strong>in</strong></span> <span class='ocrx_word' id='word_1_167' title='bbox 353 3242 399 3297; x_wconf 86' lang='lat' dir='ltr'><strong>ea</strong></span> <span class='ocrx_word' id='word_1_168' title='bbox 443 3214 593 3294; x_wconf 63' lang='lat' dir='ltr'><strong>effeetus</strong></span> <span class='ocrx_word' id='word_1_169' title='bbox 633 3217 866 3315; x_wconf 91' lang='lat' dir='ltr'><strong>producant,</strong></span> <span class='ocrx_word' id='word_1_170' title='bbox 901 3216 943 3296; x_wconf 84' lang='lat' dir='ltr'><strong>dt</strong></span> 
     </span>
     <span class='ocr_line' id='line_1_30' title="bbox 56 3316 944 3420; baseline -0.003 -23"><span class='ocrx_word' id='word_1_171' title='bbox 56 3320 130 3407; x_wconf 88' lang='lat' dir='ltr'><strong>odo</strong></span> <span class='ocrx_word' id='word_1_172' title='bbox 166 3319 263 3420; x_wconf 86' lang='lat' dir='ltr'><strong>ipsos</strong></span> <span class='ocrx_word' id='word_1_173' title='bbox 297 3318 471 3397; x_wconf 89' lang='lat' dir='ltr'><strong>homines</strong></span> <span class='ocrx_word' id='word_1_174' title='bbox 512 3318 684 3408; x_wconf 86' lang='lat' dir='ltr'><strong>adhibet,</strong></span> <span class='ocrx_word' id='word_1_175' title='bbox 720 3316 944 3405; x_wconf 76' lang='lat' dir='ltr'><strong>sinend03ut</strong></span> 
     </span>
     <span class='ocr_line' id='line_1_31' title="bbox 56 3417 948 3609; baseline 0 -100"><span class='ocrx_word' id='word_1_176' title='bbox 56 3420 118 3509; x_wconf 84' lang='lat' dir='ltr'><strong>ille</strong></span> <span class='ocrx_word' id='word_1_177' title='bbox 140 3423 265 3509; x_wconf 79' lang='lat' dir='ltr'><strong>modis</strong></span> <span class='ocrx_word' id='word_1_178' title='bbox 289 3446 376 3514; x_wconf 81' lang='lat' dir='ltr'><strong>eun</strong></span> <span class='ocrx_word' id='word_1_179' title='bbox 399 3421 579 3525; x_wconf 75' lang='lat' dir='ltr'><strong>affligant.</strong></span> <span class='ocrx_word' id='word_1_180' title='bbox 626 3419 751 3523; x_wconf 80' lang='lat' dir='ltr'><strong>thue</strong></span> <span class='ocrx_word' id='word_1_181' title='bbox 776 3417 948 3609; x_wconf 51' lang='lat' dir='ltr'><strong>‘eff&#39;</strong></span> 
     </span>
    </p>
   </div>
   <div class='ocr_carea' id='block_1_4' title="bbox 0 0 1116 3870">
    <p class='ocr_par' dir='ltr' id='par_1_5' title="bbox 0 0 1116 3870">
     <span class='ocr_line' id='line_1_32' title="bbox 0 0 1116 3870; baseline 0 0"><span class='ocrx_word' id='word_1_182' title='bbox 0 0 1116 3870; x_wconf 95' lang='lat' dir='ltr'><strong> </strong></span> 
     </span>
    </p>
   </div>
  </div>
 </body>
</html>
