2220 3870
46 246 47 249 κ
139 217 203 309 9ο
249 148 582 328 ''Tr.1V.Cap.2
611 194 665 290 V.
693 185 792 331 Alia
826 145 976 286 monita

136 357 235 436 inter
258 361 390 458 rigidae
421 359 648 460 paenitentiae
680 358 857 438 defideria
892 360 942 438 ad
980 357 1059 436 fra*

137 483 224 560 gem
256 462 410 554 redibit,
435 487 480 541 ac
509 463 632 540 uitam
670 462 885 552 austeram,
923 462 1061 538 huma⁴

137 564 198 642 uis
237 565 353 642 etiam
407 564 547 644 viribus
579 563 799 662 superiorem
840 564 973 639 ducere
995 563 1059 640 in·

138 665 268 764 cipiet;
311 679 420 768 prout
475 667 631 764 contigit
669 666 724 742 illi
771 665 1058 755 Patrifanrisias‚

137 785 250 865 quem
279 768 502 846 venerabilis
533 763 639 861 Beda
668 762 1056 868 commemorat(Lib.

141 891 202 966 13.
227 870 269 944 de
291 873 369 973 gest.
395 868 540 968 Angsnr.
566 872 596 970 )
621 869 672 947 Et
694 868 833 946 Abbati
858 869 1055 944 Rorimun·

87 1008 92 1016 =
137 969 206 1061 do,
231 993 343 1069 quern
378 971 560 1050 Caesarius
588 971 702 1049 refert
733 969 761 1068 (
786 967 873 1051 Lib„
895 997 926 1047 r.
971 965 1056 1066 Cap.
1090 1057 1095 1066 ι

138 1075 230 1170 3.)
258 1098 302 1151 ac
329 1075 459 1151 multis
487 1075 591 1165 aliis,
632 1095 726 1171 quos
751 1093 899 1169 magnae
925 1070 1058 1149 autho·

135 1172 261 1266 ritatis
290 1173 484 1276 scriptores
512 1188 697 1253 enarrant.
749 1173 831 1251 Tali
868 1172 1059 1250 occasione

135 1273 293 1354 direstor
321 1279 505 1358 duntaxat
539 1279 662 1378 largas
694 1277 793 1353 circa
828 1274 1058 1374 paenitentiae

137 1399 250 1476 opera
280 1403 415 1458 manus
441 1382 602 1480 aperiat,
640 1403 727 1458 cunr
769 1377 865 1455 tales
911 1377 1061 1454 ordina·

48 1575 49 1581 Ν
136 1477 191 1558 rie
221 1482 396 1581 peculiari
428 1483 498 1559 Dei
537 1481 694 1581 impulsu
720 1481 960 1569 incitentur,
1009 1475 1059 1556 ad

136 1600 250 1679 quern
283 1584 384 1660 vires
416 1607 483 1683 pro
509 1582 724 1660 sustinendis
753 1581 960 1680 asperrimae
980 1601 1066 1681 pne·-

136 1682 332 1775 nitentia
354 1685 536 1780 rigoribus
570 1683 789 1762 sufficientes
822 1681 1062 1781 elargiriper·

77 1828 80 1848 ι
136 1781 259 1873 tinet,
295 1808 381 1862 curn
415 1785 488 1884 ipse
524 1785 609 1862 iilos
641 1784 925 1861 vehementibus
949 1783 1060 1883 inspia

130 1885 323 1964 ‘rationum
349 1885 495 1963 suarum
517 1888 681 1966 motibus
707 1887 757 1962 ad
780 1886 962 1986 ejusmodi
987 1887 1061 1964 im·

135 1985 262 2088 pellat.
312 1987 457 2090 Interea
483 2004 610 2064 tamen
636 1987 803 2064 diresiori
828 1989 1060 2080 curandum,-

33 2101 40 2111 ’
66 2102 69 2109 ’
136 2100 181 2163 ut
206 2085 280 2165 suae
305 2089 494 2167 diresiioni
518 2090 558 2166 in
582 2090 754 2165 omnibus
784 2096 961 2187 pareant,
988 2114 1059 2168 nec

135 2189 339 2286 quidquam
364 2190 438 2266 srne
462 2192 674 2268 obedientia
686 2192 957 2287 aggrediantur:
968 2217 1058 2270 nam

134 2288 163 2366 sr
189 2289 291 2367 secus
317 2305 487 2389 agerent,
512 2287 645 2373 austeri
687 2315 814 2368 eorum
840 2292 985 2391 spiritus
1000 2318 1062 2376 ar·.

135 2391 247 2468 dores
271 2394 381 2470 valde
403 2392 558 2492 suspesti,
573 2393 697 2471 essent.
749 2389 791 2470 Si
816 2418 904 2470 vero
938 2395 1059 2494 persa

136 2515 207 2582 na,
253 2517 365 2591 quarn
393 2496 496 2571 Deus
524 2495 590 2572 tasi
623 2493 742 2592 gratia
764 2494 958 2592 ¹dignatur,
986 2497 1059 2572 isli·

134 2592 306 2672 batorum
332 2619 478 2672 morum
504 2595 637 2685 suerit,
669 2595 789 2692 qualis
814 2594 853 2674 S.
887 2596 1058 2677 Theresra

51 2713 57 2724 ‘
132 2693 273 2786 suerat,
299 2698 464 2776 dum-ad
488 2698 754 2798 conspicienda,
767 2721 812 2774 ac
833 2700 1058 2797 experienda

30 2832 35 2845 2
133 2794 336 2874 inferorum
362 2798 535 2900 supplicia
561 2798 717 2876 dedusta
742 2796 824 2887 suit,
850 2801 953 2876 Deus
979 2827 1056 2878 non
1086 2877 1092 2889 x

135 2895 203 2975 nisr
244 2898 383 2976 sanitas
404 2915 409 2923 “
429 2901 667 2993 affestiones,
709 2899 748 2977 ὅ(
781 2900 945 2978 efficacia
977 2927 1059 2981 rna·

135 2996 227 3118 juris
251 3000 484 3101 perfeetionis
508 3000 684 3080 defideria
697 3002 749 3085 in
770 3024 815 3078 ea
838 3000 1059 3084 succendere

76 3173 96 3200 ἱ
134 3103 329 3197 intendit;
363 3116 583 3204 quapropter
615 3101 811 3181 Direitoris
846 3104 935 3194 erit,
979 3100 1057 3199 Dn-

135 3201 229 3284 mini
263 3203 491 3289 intentimes
524 3203 742 3304 secundare,
774 3229 820 3285 ac
862 3229 1059 3309 promove·

804 3468 810 3475 ’
943 3468 1008 3626 n·
