2220 3870
139 108 224 248 5'92
307 99 442 228 raa?
464 125 568 263 Cap.
580 120 707 222 XX.
735 50 915 241 Manita

130 298 176 383 bi
201 309 489 397 attemperatam
518 317 606 372 cum
630 292 870 396 illustratione
880 354 900 393 ,,
919 320 966 378 ac
992 295 1072 383 ina·

135 404 255 482 nitate
285 401 455 498 excipit:
488 409 601 493 atque
640 395 772 497 majori
807 401 935 477 adhuc
984 429 1071 485 cum

133 504 333 583 dulcedine
379 499 450 576 sese
499 501 611 596 erigit
634 501 682 575 ad
712 503 1072 601 contemplationem

133 629 265 685 eorum
310 603 541 690 divinorum,
575 601 622 677 de
675 600 784 678 uibus
817 604 982 701 speciem
1015 611 1071 687 in·

132 703 366 804 telligibilem
397 704 548 802 reoepit.
668 704 728 779 inc
761 705 898 802 ingens
937 706 1071 791 sereni·

127 796 221 898 ias,
253 809 386 902 ingena
418 827 522 905 pax,
560 800 601 881 dt
625 801 758 901 ingena
791 806 996 889 delectatio
1032 815 1068 893 lu

130 924 256 989 totum
289 904 456 1007 spiritum
483 902 679 983 redundat.
744 906 845 987 Dum
876 923 1067 995 tamena·

128 1013 235 1097 nima
260 1032 285 1087 a
315 1007 528 1085 vehementi
561 1009 698 1087 dolore.
713 1010 761 1084 ad
796 1010 933 1108 ingens
978 1038 1066 1113 gau.

127 1110 235 1191 dium
279 1109 442 1198 tranfit,
487 1123 620 1185 caveat
665 1110 856 1201 Diretior,
890 1138 942 1190 ne
981 1143 1063 1199 cum

126 1214 310 1295 aviditate
338 1206 517 1309 spirituali
542 1209 597 1286 illi
631 1211 818 1291 dulcedini
850 1212 886 1289 se
913 1217 1063 1296 immer-

126 1328 221 1416 gat:
244 1310 514 1410 invigiletque,
551 1324 596 1389 ut
627 1333 712 1391 cum
743 1310 946 1394 sobrietate
981 1342 1060 1401 eam

127 1412 326 1516 recipiat,
374 1414 544 1507 animum
582 1414 630 1491 ab
674 1439 721 1491 ea
762 1417 914 1514 penitus
960 1425 1061 1501 avnl.

127 1517 208 1597 sum
239 1515 383 1605 servet,
407 1510 601 1620 elevetque
628 1509 663 1591 ie
688 1514 792 1615 snpra
828 1518 983 1600 dulcem
1022 1525 1060 1601 il·

124 1616 206 1703 lum
239 1616 408 1706 sensum,
436 1612 651 1711 indifferens
685 1621 736 1695 ad
773 1641 860 1695 eum
895 1626 961 1701 vel
1000 1629 1058 1701 de·

124 1720 320 1807 serendum
363 1718 426 1796 vel
461 1716 789 1816 ampleiiendum,
826 1742 947 1823 prout
984 1728 1058 1803 Deo

124 1819 317 1925 placuerit.
377 1819 496 1897 Secus
531 1821 676 1917 agendo
709 1818 809 1897 enim
838 1827 952 1904 novis
978 1850 1060 1930 pute

123 1923 340 2026 nationibus
371 1920 571 2003 materiam
598 1921 896 2025 subministraret.

118 2122 484 2289 aaaMonmu-nt
524 2121 762 2213 Somnum.
829 2122 1057 2223 'imminutio

125 2272 131 2279 -
357 2225 507 2328 spiritus
543 2226 851 2326 purgationibus,
885 2233 913 2308 s1
956 2238 1057 2313 Dire·

123 2326 204 2411 flor
228 2325 333 2406 suum
378 2326 596 2426 discipulum
637 2352 702 2405 eas
739 2336 971 2428 per-tranfille
1007 2340 1057 2415 vi·

120 2435 214 2513 dent
236 2453 322 2508 cnm
344 2426 527 2506 soliditate
555 2428 705 2509 virtutis
744 2431 938 2529 speciatim
973 2461 1057 2521 cunt

148 2534 235 2611 lena
266 2530 583 2618 conformatione,
607 2555 692 2608 cum
721 2528 904 2631 profunda
940 2542 1057 2620 humi·

118 2554 228 2723 itate
259 2656 304 2710 ac
330 2631 383 2709 sui
409 2631 521 2731 ipfins
544 2634 796 2710 exinanitione
822 2641 987 2740 (utpote
1020 2647 1055 2721 iu

117 2737 255 2832 quibus
279 2734 407 2811 oculos
444 2736 628 2833 praecipue·
669 2732 813 2814 defixos
845 2741 988 2841 habere
1018 2773 1056 2823 o·

115 2833 270 2936 portet)
291 2849 383 2912 tunc
408 2848 607 2912 contentus
639 2860 685 2912 eo
710 2831 809 2926 elie,
844 2845 958 2942 eique
986 2850 1056 2949 ple·

52 2934 55 2939 ’
118 2956 209 3017 nam
247 2933 360 3012 iidem
393 2936 529 3016 habere
564 2940 736 3036 potent,
768 2964 856 3018 oum
884 2948 1054 3046 ingente·

116 3034 190 3121 Dei
219 3038 366 3114 favores
394 3039 435 3114 in
465 3038 547 3138 puri
574 3040 718 3138 spiritus
746 3050 1053 3131 communicatio·

38 3212 46 3225 ,
116 3159 167 3221 ne
194 3137 230 3213 se
254 3139 416 3238 recipere
443 3142 591 3234 dixerit.
651 3142 798 3223 Interea
833 3163 968 3229 tamen
996 3177 1054 3229 ne·

113 3257 304 3337 quaquam
330 3242 458 3319 credat
490 3265 577 3319 enm
603 3245 745 3342 peccati
775 3251 931 3344 penitus
959 3255 1054 3332 inca·

106 3358 245 3441 pacem
258 3340 320 3432 seu
330 3341 610 3446 impeccabilem
626 3344 696 3426 elie
710 3344 1050 3540 effeliumifflpot
