2100 3870
273 39 419 149 placet,
452 39 586 109 faciem
620 39 713 105 adeo
738 39 981 107 deformatam
1017 57 1050 108 ct

44 115 61 204 ἶγ
198 212 200 217 ,
276 156 346 211 ens
370 133 467 212 ultra
492 131 644 210 modum
684 130 732 207 ad
767 130 996 210 iracundiam

259 237 413 313 citatus
445 235 521 323 ita,
561 245 605 310 ut
642 233 780 307 mundo
805 231 917 308 finem
959 233 1044 311 sace

248 336 457 425 comeret,
483 334 522 413 δι
535 328 573 411 S.
606 333 802 410 Vincentio
827 335 989 412 Ferrerio
1010 361 1042 412 ιι

269 441 370 519 datis
404 437 564 525 dederit,
586 449 630 512 ut
666 437 737 512 hoc
776 433 880 511 suum
905 437 1014 514 decre

266 542 365 647 pulis
389 540 635 640 promulgaret
642 560 653 632 ;
679 551 719 640 at
743 537 782 612 id
806 563 880 613 non
905 535 979 614 fine
1002 563 1048 615 co

267 667 316 721 ne
341 641 361 744 (
393 663 505 739 quam
542 654 668 716 tamen
693 640 733 714 in
755 653 880 715 mente
907 637 970 719 sua
993 666 1050 717 oc

262 742 431 820 servabat
461 738 481 841 )
505 743 602 838 quod
627 740 761 816 scilicet
785 742 883 817 orbis
906 753 985 818 tam
1018 757 1035 819 t

260 843 312 920 da
337 842 571 938 castigatione
595 841 804 940 plestendus
825 840 928 929 esset,
952 841 1033 932 nisi,

261 942 368 1037 clefia
412 943 473 1020 sua
498 942 622 1041 sponsa
646 955 833 1019 tantarum
858 945 1046 1023 inordinat

254 1038 455 1131 correstio,
481 1042 521 1119 δι
564 1056 752 1120 tantarum
774 1044 1014 1140 iniquitatum

256 1146 360 1223 datio
381 1144 662 1241 subsequeretur.
713 1144 768 1221 At
801 1145 920 1240 quid?
947 1146 1050 1224 Priu

253 1245 448 1346 praedisius
470 1245 612 1323 sanstus
636 1245 908 1343 praedicationis
927 1246 1001 1324 suae
1025 1273 1047 1325 c

43 1329 90 1426 'ss
162 1422 166 1427 .
253 1346 464 1439 absolvisset
478 1347 634 1444 legitimi
659 1345 848 1423 Pontificis
875 1347 1043 1449 elestiop

251 1448 294 1531 ἀ
316 1449 434 1528 sanita
459 1447 616 1528 Ecclesia
642 1447 704 1526 sub
728 1472 803 1530 uno
828 1450 948 1547 capite
973 1453 1015 1529 in
1047 1488 1050 1521 t

217 1629 221 1637 ,
248 1573 329 1628 rem
354 1552 520 1628 ordinem
544 1549 616 1626 fuit
636 1547 792 1625 redailo.
841 1551 1027 1633 Praeterea

246 1649 389 1745 santius
413 1666 470 1729 tot
494 1652 776 1730 Mahometamos
800 1654 1001 1744 convertit,
1022 1670 1050 1731 t.

245 1752 350 1827 daeos
375 1752 474 1829 sacro
498 1754 601 1830 fonte
625 1753 758 1842 abluit,
782 1767 893 1849 atque
936 1778 985 1831 ex
1011 1758 1041 1834 C

244 1874 318 1929 ano
344 1855 429 1928 orbe
454 1867 511 1930 tot
535 1853 666 1929 abusus
692 1879 736 1929 ac
761 1855 852 1930 vitia
879 1859 1026 1934 eradica

242 1952 345 2022 Dens
387 1953 517 2022 faciem
551 1954 721 2022 Ecclesiae
760 1955 832 2022 snae
855 1957 1049 2022 reformata
