2220 3870
170 258 172 267 ,
216 156 398 267 mediam
425 157 590 302 obfiffio
611 162 802 299 damonia
925 195 1018 298 417

92 337 240 419 ciorum
261 339 376 437 etiam
406 331 566 415 advocat
597 338 794 427 auxilium:
815 343 926 432 atque
936 361 1016 416 om·

89 463 161 518 nes
175 438 292 516 ¹firnul
324 438 440 515 mille·
459 440 727 528 tentationum,
749 437 849 514 mille
875 435 1016 515 affiicti-

89 565 233 630 onum,
253 538 300 621 ,tit
329 540 438 618 mille
461 552 730 617 tormentorum
765 539 895 616 istibus
915 540 955 626 in
971 540 1016 615 il·

90 643 173 737 lnm
202 634 363 718 irruunt:
393 658 462 719 'nec
494 641 581 730 uui,
606 665 679 739 qua
695 642 858 718 inimica
881 641 1015 719 civitas

90 747 134 823 in
161 743 379 842 potestatem
405 744 612 840 redigatur,
642 742 827 820 industriae
846 756 1014 841 parcunt.

88 846 178 926 Hoc
196 843 271 941 ipso
298 847 337 919 in
363 844 463 920 sensu
483 846 534 920 »8.
559 845 770 922 Bernardus
793 845 907 920 citata
925 844 1023 923 sacri
1070 902 1073 907 -

89 945 235 1045 codicis
255 948 375 1024 'verba
404 946 566 1023 declarat
587 947 778 1042 inquiens:
802 943 844 1021 Si
861 971 1016 1042 magnum

89 1036 178 1127 itud
198 1044 349 1146 Ecciestu
379 1070 497 1149 corpus
512 1046 709 1150 confiderare
726 1032 826 1137 libet,
841 1046 944 1143 facile
953 1046 1016 1144 sa·

92 1150 148 1233 ra,
169 1151 392 1237 advertimus,
423 1148 519 1246 longe
534 1154 650 1224 acrius
680 1149 868 1247 impugnari
908 1145 1015 1246 spiri·

89 1251 232 1331 tiriaus
258 1252 366 1340 viros,
391 1274 489 1345 param
516 1251 662 1326 carnales
692 1292 718 1308 -ν
732 1291 750 1307 -
773 1290 791 1306 -
826 1247 916 1347 Agit
954 1246 1017 1324 hoc

80 1348 171 1453 sane
195 1346 341 1450 superba
365 1350 494 1449 semper
514 1350 676 1451 invidiosa
695 1351 847 1445 malitia,
866 1351 1018 1449 perse&-

87 1450 167 1528 ‹ire‘s
204 1447 345 1551 quosque
381 1450 594 1539 uehementius
613 1451 770 1552 puisunsr
787 1455 895 1551 juxta
915 1450 1015 1529 illud:

87 1550 184 1653 Esca
209 1557 279 1652 rjus
317 1552 422 1640 eletio.
474 1552 670 1648 Absorbebit
692 1549 923 1650 flavium,'&
952 1566 1024 1628 non

87 1652 291 1746 mirabitur,
329 1653 372 1732 &
392 1654 688 1755 liabetfiduciam,
718 1657 826 1753 'quoa
843 1648 1018 1757 Jordunir

89 1760 215 1939 ipfluat
255 1760 367 1958 urps
388 1761 458 1858 ejus
485 1754 506 1859 (
538 1759 574 1835 in
596 1757 714 1860 psalm.
760 1757 832 1847 Qui
858 1756 1023 1861 habitat„

124 1884 201 1938 nm.
231 1882 265 1960 7.
457 1914 461 1921 -
999 1894 1003 1901 ·

94 2066 157 2162 83,
176 2063 330 2227 Deus
368 2087 417 2139 ex
453 2059 570 2139 altera
605 2073 711 2162 parte
742 2062 789 2142 ob
825 2084 1015 2160 amorem,

289 2185 361 2260 quo
392 2163 525 2240 elestas
557 2164 740 2264 ejusmodi
758 2166 903 2243 animas
916 2187 1016 2249 com·

91 2262 281 2449 plettitur,
304 2267 364 2341 his
390 2265 472 2341 orci
506 2268 702 2364 mancipiis
720 2281 872 2344 catenas
896 2269 1012 2342 laxat.

110 2368 182 2445 mit
196 2392 240 2444 ea
259 2368 443 2467 peculiari.
466 2367 691 2466 permiffione
713 2367 751 2443 in
779 2390 849 2444 eas
876 2389 1015 2462 magna

92 2470 288 2551 ferocitate
316 2470 471 2558 irruere,
497 2490 634 2564 easque
647 2469 924 2545 vehementium
932 2482 1013 2542 ten·
1087 2497 1092 2509 ·

93 2571 282 2650 tatianum
312 2569 584 2669 oppugnatione
613 2566 792 2660 infestare,
815 2571 929 2665 utque
949 2569 1016 2646 ob·

93 2670 272 2752 ssdionem
311 2674 405 2749 adeo
430 2670 721 2759 'formidabilem
765 2659 1021 2770 compluribus

93 2777 212 2854 etiam
245 2777 352 2851 annis
384 2774 562 2852 obstinate
581 2789 752 2872 urgeant
764 2798 776 2868 ;
811 2798 897 2850 cum
915 2772 1014 2863 sciat,

94 2877 197 2976 quod
224 2876 321 2952 inter
347 2878 417 2952 hos
455 2874 668 2966 conilittus,
692 2900 856 2976 pugnas,
887 2899 932 2952 ac
951 2876 1017 2952 tri·

94 2977 306 3059 bulationes
333 3002 462 3055 earum
492 2979 610 3056 virtus
637 2978 866 3079 expoliatur,
889 3000 933 3053 uc
950 2976 1017 3052 do·

95 3080 158 3158 nis
195 3077 345 3156 excelsis
383 3083 496 3176 digna
527 3083 719 3159 reddatur:
765 3080 814 3157 Et
839 3079 939 3155 hunc
962 3078 1018 3179 ips⁸

93 3176 177 3260 sum
207 3181 344 3271 finem,
383 3183 473 3268 teste
493 3183 538 3286 D.
567 3180 796 3281 Augustino,
821 3181 924 3256 Deus
940 3177 1019 3277 jani

96 3287 146 3364 ab
180 3282 290 3359 initio
330 3283 505 3385 respexit,
540 3284 629 3361 dum
668 3283 833 3382 Angelos
867 3279 1020 3389 creavit,

124 3408 195 3496 uos
236 3384 360 3484 postea
400 3387 546 3468 futuros
589 3400 793 3471 tentatores
837 3379 1020 3487 praevidit·

134 3481 262 3571 onll.
459 3486 569 3571 ‘Dd
891 3478 973 3567 Nou
