2220 3870
231 131 400 320 siniritus
416 170 940 318 purgationis-adminicula.
978 208 1061 300 599

104 352 257 440 nitur,
290 351 427 430 amoris
458 350 641 436 vinculo,
680 346 878 450 spiritualis
914 348 1065 430 scilicet

123 477 212 530 cum
233 456 314 559 Deo
331 451 559 538 matrimonii
583 450 731 534 unione.
798 485 802 493 ·

122 671 212 742 218·
288 653 414 733 'dhuc
436 652 689 732 admirabilius
705 661 832 743 autem
854 655 933 740 est,g
952 655 1053 752 quod

173 780 176 785 ·
325 759 482 842 anima,
507 757 595 852 quin
608 755 721 855 ilium
742 756 928 846 declinare
939 759 1053 855 pellit,

77 884 86 938 ·,
105 858 171 957 Ιοἱ)
194 858 451 942 modiciffimas
473 855 679 934 occasiones
706 857 778 933 hoc
798 859 896 954 ignis
915 858 1053 957 spiculo

114 959 291 1056 ,transfigi
326 960 455 1049 soleat,
481 961 571 1037 dnm
594 958 654 1044 vel
683 959 837 1037 verbum
865 963 1054 1056 quoddam

121 1062 229 1139 audit
255 1062 299 1139 E.
325 1086 363 1160 g.
392 1063 491 1159 quod
518 1061 597 1137 vita
631 1060 715 1136 haec
752 1061 871 1161 nostra
904 1063 1052 1140 tamdiu

120 1188 198 1240 non
221 1161 387 1253 liniatur,
414 1165 513 1261 quod
529 1164 610 1239 Deo
625 1161 771 1238 fruendi
790 1176 938 1260 tempus
960 1187 1052 1247 ven·

109 1276 248 1345 ,turum
261 1262 323 1356 fit,
361 1265 401 1343 dc
431 1265 578 1348 srmilia:
616 1279 707 1340 tunc
736 1266 841 1341 enim
861 1266 987 1340 anima
1009 1265 1075 1343 in¹

120 1381 313 1442 momento
325 1367 457 1465 jaculo
487 1364 560 1442 hoc
584 1366 722 1441 amoris
751 1365 985 1454 vulneratur,
1010 1390 1052 1443 a·

120 1468 291 1561 duntur,
333 1468 373 1546 dc
416 1470 456 1544 in
493 1469 643 1566 cineres,
673 1466 864 1563 redigitur,
923 1467 1055 1545 Perditv

120 1592 239 1667 ocyus
265 1594 351 1664 non,
362 1569 478 1659 solum
493 1564 659 1653 sensuum
678 1581 916 1645 externorum
932 1566 1050 1659 usum,

89 1685 93 1692 '
118 1668 186 1756 sed
203 1669 242 1747 ἀ
266 1672 306 1748 in
334 1670 511 1770 potentiis
533 1672 690 1748 internis
717 1672 773 1748 ita
792 1669 955 1770 suspensa
970 1669 1051 1750 hae·

118 1784 198 1859 ret,
225 1787 268 1848 ut
283 1816 286 1821 ·
302 1798 378 1850 non
398 1772 463 1851 nifi
485 1775 533 1849 do
554 1772 607 1848 sui
636 1772 773 1847 doloris
802 1771 922 1848 caulla
948 1773 1050 1871 cogi·

118 1885 201 1948 tare
236 1873 356 1972 poffit:
392 1875 536 1971 eoquod
569 1876 710 1949 donum
739 1873 970 1960 intelleltus,
1005 1885 1051 1951 ut

116 1974 218 2062 dixi,
245 1977 284 2051 in
306 1976 461 2075 praefata
474 1975 624 2060 summi,
651 1996 723 2071 quo
736 1975 895 2052 fruinon
913 1972 1048 2073 potest,

89 2142 93 2153 .
116 2077 206 2153 boni
237 2078 549 2176 contemplatione
576 2101 660 2153 eam
685 2093 762 2158 tam
784 2077 963 2173 profunde
984 2078 1050 2152 de-

116 2175 233 2254 fixam
265 2195 416 2270 teneat,
452 2195 495 2261 ut
527 2182 576 2269 ad
598 2179 672 2258 alia
693 2179 832 2278 objella
860 2179 1047 2257 divertere

114 2294 292 2372 nequeat.
914 2316 936 2335 ·

114 2505 206 2578 219.
230 2478 455 2642 Vulneris
475 2481 587 2584 hujus
601 2477 705 2557 dolor
724 2481 944 2578 quandoque
965 2479 1050 2558 bre-

340 2585 380 2662 vi
407 2583 611 2683 evanescit,
652 2580 802 2660 subinde
828 2598 954 2660 autem
980 2583 1050 2660 ho·

111 2706 182 2762 ,ras
205 2684 370 2782 integras
402 2687 600 2785 perdurat,
634 2688 744 2783 prout
778 2686 881 2761 Deus
910 2684 1050 2761 scilicet

117 2785 241 2861 suavis
268 2788 462 2885 cujusdam
499 2786 848 2863 communicationis
885 2786 1049 2864 balsamo

118 2889 241 2961 eidem
268 2888 380 2975 serius
417 2900 484 2967 aut
514 2888 624 2964 citius
657 2888 838 2969 medetur.
900 2887 1047 2964 Interea

117 2990 296 3083 quamdiu
313 2992 449 3068 vulnus
469 2985 639 3091 apertum
659 2991 759 3078 hiat,
785 2991 910 3066 anima
935 3001 1049 3065 acuto

117 3088 167 3165 dc·
186 3092 414 3171 exanimanti
438 3095 488 3169 ad
503 3092 626 3169 Deum
642 3093 682 3166 in
699 3093 809 3184 beata
827 3090 952 3187 patria
963 3111 1046 3187 pen·

116 3188 315 3267 fruendum
365 3195 538 3271 avolandi
569 3188 763 3275 ¹desiderio
810 3189 1046 3287 languescit:

118 3313 278 3387 cumque
300 3293 445 3384 videat,
471 3297 567 3374 tanti
591 3295 681 3397 boni,
703 3291 945 3393 poffeffionem
971 3288 1048 3367 sola

114 3389 183 3474 fui
206 3409 327 3493 morte
353 3397 466 3507 tribui
489 3395 604 3578 Pssffe’
630 3417 708 3496 prae
737 3393 921 3574 molend}
957 3389 1048 3508 desn

356 3538 359 3543 ·
552 3519 621 3597 p4
794 3592 795 3596 Ν
843 3520 848 3541 ·
921 3515 999 3577 ertu
1080 3524 1085 3533 ·
