2100 3870
166 178 362 328 μεθίει(
381 208 461 331 pro
492 173 723 284 directore,
874 204 939 327 63

72 356 213 434 dorum
249 352 439 454 potentia,
461 353 706 453 dignitate&
734 357 852 455 gloria
866 385 939 442 nos

72 474 138 548 vet,
178 457 223 536 dc
265 457 340 532 hac
375 454 472 531 duce
495 456 697 553 obsequii,
729 465 938 542 veneratio-

72 614 89 651 ..
120 581 302 661 precum,
341 555 382 633 dc
418 555 554 633 srmiles
598 558 701 635 atius
736 584 826 661 erga
868 589 937 647 ως

72 658 339 741 texercend’u
386 656 471 735 Hac
506 660 650 737 ratione
685 661 841 741 vifiones
887 669 936 745 li·

72 765 286 865 ¹profunde
323 761 363 837 in
397 761 524 836 animo
562 762 741 840 radicatae
790 768 936 848 nullum

72 868 155 945 irati
188 865 342 966 spiritus
374 861 641 939 detrimentum
663 862 831 947 afferent

84 1067 197 1233 Ad
247 1062 449 1140 fecundum
482 1064 637 1143 dubium
677 1067 786 1159 dico,
832 1074 933 1169 quod

194 1166 387 1244 ariditatis
426 1180 592 1266 tempore
633 1165 791 1267 sopitum
830 1173 933 1272 spiri·

72 1296 85 1349 ι
122 1267 322 1348 excitandi
357 1265 478 1344 cauffa
507 1268 649 1346 malum
674 1294 751 1346 non
775 1270 837 1361 sit,
851 1276 929 1353 sen·

73 1375 157 1463 iarn,
194 1392 315 1466 qnam
343 1369 493 1469 persona
524 1369 599 1447 'alio
624 1385 791 1470 tempore
822 1398 931 1452 acce·

74 1473 288 1563 ,visronem
322 1471 360 1546 in
394 1474 613 1549 memoriam
645 1496 839 1551 revocare:
856 1477 930 1557 hac

73 1598 135 1653 neu
154 1597 249 1652 cum
283 1573 445 1662 cautela,
482 1587 525 1649 ut
552 1576 679 1652 anima
698 1575 776 1674 post
796 1578 928 1655 obten-

73 1698 102 1753 u
125 1678 264 1755 bonum
296 1674 410 1751 diuae.
425 1677 686 1766 excitationis,
719 1678 759 1755 dc
790 1682 929 1759 mentis

86 1778 194 1857 Deum
234 1776 454 1852 elevationis
490 1775 659 1854 effestum
690 1779 837 1857 visionis
879 1783 926 1858 il·

73 1883 295 1959 scorticem.
316 1879 519 1972 relinquat,
558 1879 596 1956 dr
637 1881 676 1955 in
711 1904 800 1978 pura
850 1882 925 1961 fide

73 2008 96 2059 n
120 1985 197 2061 Deo
233 1978 479 2058 conversetur.
529 1981 609 2055 imo
637 1984 751 2059 etiarn
774 1984 928 2063 aridita-

103 2100 270 2186 tempore
308 2081 480 2158 similium
535 2085 720 2160 recordari
756 2110 832 2162 non
875 2086 928 2165 est

74 2188 166 2277 lum,
207 2184 410 2263 dummodo
435 2183 530 2261 ditia
559 2208 644 2261 cum
672 2186 818 2263 cautela
841 2211 926 2286 pro-

73 2291 169 2366 lator.
245 2289 474 2384 Quapropter
521 2290 761 2378 notandum,
807 2290 925 2385 quod,

73 2391 287 2468 ndioimus
322 2388 507 2475 animaru,
540 2389 730 2488 postquam
768 2389 926 2467 vidones

73 2496 163 2593 epit,
205 2490 383 2589 inperiis
418 2489 454 2563 se
493 2513 572 2571 ,non
616 2490 821 2580 refudere,
863 2491 927 2570 sed

73 2619 121 2672 us
152 2591 353 2691 exspoliare
402 2592 558 2680 debere,
603 2595 821 2688 neutiquam
859 2617 926 2669 ve·

74 2722 116 2773 us
155 2697 295 2782 dicere,
326 2693 426 2790 quod
457 2707 564 2769 tanta
598 2717 671 2769 non
723 2694 826 2792 potiit
867 2694 926 2771 in·

74 2802 101 2876 ui
140 2797 312 2886 reflexio,
341 2808 488 2890 quanta
524 2795 573 2871 ad
620 2810 787 2871 mentem
838 2818 927 2874 cum

74 2903 208 2989 vitate,
245 2896 285 2975 ὅ(
323 2920 416 2995 pace
456 2918 520 2994 per
554 2893 665 2972 fidem
714 2896 764 2972 ad
803 2892 928 2975 Deum

74 3005 226 3101 undam
267 2999 482 3096 requiritur:
517 2998 604 3074 talis
634 2996 784 3072 reflexio
824 2999 926 3076 enim

75 3128 181 3183 onem
210 3124 297 3178 cunr
328 3100 409 3177 Deo
445 3123 521 3174 non
552 3100 725 3199 impedit,
758 3100 834 3177 imo
860 3101 927 3178 ad·

74 3232 130 3285 rre
163 3204 293 3306 potius
329 3201 456 3301 potest.
518 3201 595 3278 Eas
624 3202 808 3278 duntaxat
845 3200 929 3291 ani·

74 3332 88 3386 v
121 3308 259 3387 erroris
281 3326 434 3400 arguere
470 3302 723 3388 intendimus,
753 3299 930 3398 quaespe·

74 3434 134 3493 va
165 3405 370 3492 visionibus
416 3420 655 3486 remanentes
691 3402 784 3497 data
816 3421 930 3586 αξεμ

344 3566 348 3573 -
857 3527 889 3588 u
