2220 3870
183 188 188 195 ’
227 154 471 286 maginario
496 125 804 283 perornantur.
887 148 892 155 ’
950 184 1010 278 99

81 322 200 407 ratio,
235 322 285 399 ob
322 334 435 417 quarn
461 318 667 396 visiones
657 320 897 419 imaginarias
931 326 1009 407 cito

80 424 235 506 transire
263 424 451 525 diximus:
490 422 576 521 quia
609 422 735 499 anima
774 425 1008 508 materialem

83 530 121 608 dr
158 500 377 603 sensibilem
396 510 529 622 obierit
567 521 742 600 visionem
790 526 913 603 statim
951 551 1011 606 re·

83 631 242 748 linquit,
266 639 322 702 ,ιιι
365 623 399 700 se
438 622 674 702 intellettuali
716 624 885 724 ejusdem
922 629 1008 708 visi·

86 736 147 810 oni
184 744 308 806 totam
336 727 558 847 immergat:
591 727 690 804 unde
714 727 777 805 illa
811 731 1007 822 evanescit,

83 833 122 913 dt
165 833 252 909 haec
291 831 538 906 continuatur.
592 826 672 905 lino
709 829 734 905 si
769 830 831 932 Jes
826 856 870 909 us
894 833 1003 913 Ch'ri·

80 936 159 1015 stus
208 933 439 1048 imaginariae
488 929 634 1007 visionis
659 930 840 1031 objetium
871 935 1005 1028 fuerit,

80 1038 211 1133 anima
249 1027 385 1133 saepe
373 1055 412 1108 in
440 1048 548 1131 raptu
579 1047 647 1118 aut
674 1033 795 1109 ecstafi
819 1035 1004 1134 defigitur,

80 1154 124 1217 ιιι
150 1122 277 1214 sanna
307 1134 481 1233 Magistra
512 1135 715 1233 pluribus
706 1160 751 1210 ιιι
773 1134 866 1213 locis
902 1163 1005 1216 com·

77 1252 291 1322 memorat:
338 1238 424 1332 quia
427 1235 712 1312 intelledualis
748 1235 896 1313 visionis
932 1263 1006 1339 ope

77 1345 131 1422 ad
168 1339 243 1416 sese
276 1361 362 1417 cuni
392 1338 588 1414 divinitate
614 1338 814 1414 uniendam
850 1339 903 1416 ita
920 1363 1005 1439 pro·

78 1445 277 1544 greditur,
319 1453 362 1517 ut
411 1454 487 1516 non
536 1439 648 1515 modo
690 1438 855 1516 sensuum
899 1441 1004 1534 usus,

79 1548 142 1625 sed
180 1543 220 1621 ὅ(
260 1541 334 1640 ipsa
370 1541 503 1619 Christi
542 1540 815 1640 repraesentatio
852 1545 1021 1638 amittae

76 1660 164 1740 tut,
189 1669 236 1725 ac
264 1646 305 1723 in
338 1644 475 1721 unione
510 1642 574 1720 illa
602 1644 838 1744 deperdatur.

76 1871 141 1953 85
131 1847 351 2016 wlnterea
339 1844 501 1945 ,quod
492 1845 722 1945 imaginariae
748 1845 809 1924 hae
845 1844 1004 1926 visiones

225 1953 358 2030 breves
391 1950 481 2038 sint,
516 1949 731 2044 neutiquam
767 1939 906 2038 obstat,
928 1973 1003 2047 quo

78 2057 209 2138 minus
257 2051 437 2152 profunde
471 2005 680 2166 impressam
726 2047 776 2126 sui
822 2050 1003 2150 speciem,
1077 2141 1081 2147 ¹

80 2154 377 2261 memoriamque
409 2150 652 2249 relinquant
642 2168 715 2241 ita,
745 2168 788 2228 ut
818 2155 1004 2232 ordinarie

80 2254 188 2338 nulla
237 2262 402 2352 unquam
446 2254 630 2333 oblivione
670 2246 888 2348 deleantur;
936 2277 1011 2332 nec

80 2384 229 2441 earum
243 2356 448 2434 recordatio
485 2358 653 2434 animum
687 2379 852 2464 unquam
891 2357 1006 2446 subit,
1083 2427 1101 2449 s

81 2467 174 2564 quin
205 2463 254 2539 de
290 2459 423 2549 bonis,
462 2481 556 2556 quos
586 2459 705 2564 primo
742 2452 1007 2556 produxerunt,

82 2564 273 2643 effetiibus
313 2561 436 2655 denuo
486 2560 687 2676 quidquam
727 2560 1007 2657 impertiantu13

81 2669 124 2747 id
158 2665 283 2763 quod,
320 2676 366 2740 ut
408 2662 496 2740 alibi
533 2663 637 2752 dixi,
672 2663 712 2737 in
764 2660 1008 2739 daemoniacis

76 2767 285 2851 visionibus
314 2788 390 2842 non
422 2765 623 2881 contingit,
653 2775 783 2862 utpote
810 2786 913 2859 quae,
941 2764 1041 2871 nisi,

78 2873 172 2971 quis
202 2892 348 2947 earum
365 2868 584 2945 memoriam
617 2866 706 2942 data
732 2887 842 2964 opera
864 2864 1008 2942 conser-

78 2994 176 3052 uare
210 2971 349 3061 vellet,
385 2971 495 3046 celeri
527 2968 712 3046 oblivione
752 2966 940 3054 delentur,
961 2991 1009 3045 ao

79 3074 234 3171 quoties
261 3095 389 3150 earum
424 3069 693 3149 reminiscentia
723 3069 839 3159 redit,
885 3071 1009 3146 nullos

85 3174 154 3254 nili
183 3176 317 3252 noxios
348 3171 498 3250 effestus
533 3185 798 3292 progenerant.
842 3171 978 3248 Hanc
969 3194 1011 3252 in

80 3300 168 3357 rem
204 3298 268 3352 ma
269 3276 378 3370 gistra
399 3275 520 3353 nostra
559 3275 625 3368 s
611 3269 1012 3390 inpluvium.)
