2220 3870
95 181 162 277 pr
267 150 352 252 Tr..
371 152 453 253 JV..
483 155 595 290 Cap„
620 150 696 252 W,
731 154 903 253 Merita

92 330 177 400 mos
210 321 258 398 'de
289 322 474 421 eiusmodi
505 321 686 415 materiis.
708 321 891 409 sermones
921 342 1008 399 cun

94 422 169 501 iilis
192 422 379 502 miscebit:
420 423 608 503 consumet
626 421 678 500 in.
700 423 760 501 his
781 423 934 499 ‘multas
962 448 1009 501 ac

94 523 196 624 saepe-
218 527 562 624 repetitas-noras,
590 549 635 604 ac
673 525 816 602 medios
846 523 941 624 saepe
954 526 1010 601 di·

94 649 159 714 ea,
196 639 244 719 ttt⁴
272 629 428 727 propriae
460 628 586 727 potius
616 626 866 714 inclinationi,
886 625 928 703 &1
938 649 1010 722 gu·

93 727 191 816 stui,
232 732 345 824 quam
379 730 512 807 alienae
534 728 752 829 necessitati
794 725 1007 805 satisfaciat

92 826 162 905 Iste
197 828 249 905 est
285 831 379 908 aster
407 829 715 929 pericuiofissimus
747 828 915 928 scopulus
934 853 1007 911 noa

72 928 208 1009 solnm
242 932 289 1009 ob
319 929 496 1031 iacturam
518 934 722 1032 temporis,
760 930 800 1009 dr
817 931 1009 1009 indecen-

95 1032 169 1109 tias
200 1057 248 1109 ex
279 1056 354 1110 una
381 1056 512 1130 aeque·
529 1051 573 1112 a'c
606 1030 722 1111 altera
750 1045 855 1132 parte
890 1054 1008 1109 emer·

93 1147 245 1232 gentem
272 1133 333 1212 sed
367 1138 629 1234 multomagis
658 1135 750 1231 quia,
773 1133 928 1211 director
936 1135 1008 1211 hoc

92 1235 270 1335 operandi
300 1237 411 1322 modo
442 1237 512 1313 sese
540 1239 590 1326 ad
621 1236 757 1315 restam
798 1236 1008 1341 animarum

94 1338 425 1437 gubernationem·
445 1341 621 1417 continuo
667 1338 793 1434 magis·
840 1338 1008 1434 ineptum

91 1440 226 1519 reddit.
263 1439 394 1516 ‚Nemo
426 1465 500 1517 non
534 1432 627 1531 scit}
651 1441 750 1536 quod
771 1438 833 1537 pia
865 1436 1009 1515 affefflo

92 1540 402 1620 existimationem
419 1536 637 1618 'intelledius
655 1541 757 1640 post·
785 1539 821 1616 se
861 1539 1007 1619 traham

92 1641 181 1720 inde
219 1641 384 1717 hicnon
411 1643 574 1740 amplius
601 1640 1006 1732 secundumrationem,

90 1740 378 1845 sedseeundum
410 1742 681 1833 voluntatisra
707 1764 782 1838 qua
803 1764 1008 1842 praeoccu-

90 1856 205 1947 patus
237 1842 309 1934 est,
340 1842 619 1922 inclinationem
642 1843 794 1944 judicat.

91 2048 153 2143 63.
266 2057 461 2142 uapropter
485 2046 698 2123 diresiorem
723 2047 851 2123 etiam.
866 2044 908 2122 in
934 2047 1007 2125 hoc

92 2191 99 2201 ·
198 2218 201 2225 ,
313 2146 445 2243 punico
478 2148 580 2224 viam
598 2150 760 2224 mediam
792 2162 931 2239 tenore,
961 2172 1007 2227 ae

90 2243 140 2324 stc
161 2267 272 2345 agere
298 2261 453 2345 oportet.
501 2249 685 2350 Exceptis·
710 2249 893 2346 praediffls
912 2250 1005 2327 duo·

90 2348 164 2427 bus
210 2346 351 2435 casibus
388 2350 610 2440 ¹neminem,
659 2363 703 2426 ut
745 2350 880 2439 dicias,
901 2355 1006 2447 'quas

90 2436 264 2544 accepisse
292 2448 357 2526 sibi
378 2449 542 2539 videtur,
580 2452 733 2548 gratias·
746 2455 933 2548 exponat‚'
956 2454 1005 2529 ad

89 2547 128 2627 se
169 2549 407 2645 accedentem
453 2575 641 2649 unquam.
664 2552 835 2649 repellat:
874 2553 1005 2637 audiat

90 2673 179 2727 eum
203 2652 406 2748 patienter,
436 2653 636 2749 interroget
650 2676 737 2729 eum
762 2654 1006 2733 cumcarita·

82 2762 155 2851 „ter
181 2749 232 2828 dc·
249 2755 473 2829 conveniens
506 2755 639 2849 cuique
667 2752 872 2852 responsum
917 2777 1005 2833 cum

87 2852 317 2950 benignitate
357 2855 599 2951 impertiatur·
674 2855 753 2932 lmo
794 2853 820 2929 fi
853 2854 1006 2953 persona

86 2955 197 3033 bono·
226 2951 352 3052 spiritu
397 2956 503 3031 duiia
538 2957 728 3045 videatur,
761 2954 906 3034 animos
950 2958 1007 3033 illi

87 3055 221 3162 pddat,
248 3068 291 3131 ut
316 3059 598 3152 repugnantiam
628 3059 669 3137 in
703 3057 751 3133 iis
785 3058 1006 3154 detegendis

87 3152 343 3253 exsurgentem
361 3159 515 3234 'vineata
547 3157 638 3234 &si
668 3162 760 3257 o'pus
787 3157 850 3247 sit,
886 3159 1005 3238 etiam

184 3270 311 3355 eptam
338 3256 373 3332 se
398 3260 510 3356 ipsam
543 3272 662 3334 totam
678 3256 866 3355 'quantam
882 3263 1005 3338 mani-

228 3359 237 3375 '
279 3357 528 3464 superaddat:
560 3373 673 3466 prout
692 3361 733 3445 S.
770 3362 933 3546 Joancnes
979 3387 1005 3443 a

198 3528 204 3537 .
389 3538 392 3543 ,
890 3485 953 3547 tu·

133 3502 163 3515 ,.

47 3542 50 3553 .
138 3518 177 3553 Ὗ
