2220 3870
124 162 214 257 572
300 128 437 227 tots.
457 46 899 263 Cap.XIXTotum

106 301 247 394 tinuit
284 298 347 374 sed
385 294 589 371 identidem
621 314 686 391 per
711 292 910 371 intervalla
940 293 1055 372 insur-

122 411 243 503 gant:
277 399 453 498 siquidem
473 397 577 473 Deus
602 407 766 473 atrocem
790 397 1055 494 purgationem

92 576 97 587 .
121 526 188 607 per
206 506 323 582 breve
348 513 498 598 tempus
521 497 743 595 ¹quandoque
764 495 982 598 suspendit:
1015 499 1055 578 δι

121 620 214 686 tunc
237 604 365 683 anima
399 626 475 680 nou
508 599 621 678 modo
652 599 792 676 amoris
817 601 950 699 ignem
975 623 1057 701 per·

122 704 268 797 sentit,
305 703 368 782 sed
392 702 612 803 praeclarum
637 699 776 791 simul,
815 704 920 800 quod
943 704 1055 803 pede·

120 810 260 888 tentim
284 807 326 884 in
353 805 389 884 se
414 803 601 905 perficitur
624 826 635 895 3
678 825 772 903 opus
798 828 969 882 unacum
994 804 1057 883 suo

121 911 255 988 diletio
289 910 488 986 intuetur:
521 905 562 983 id
598 904 698 1003 quod
728 905 836 1004 ptius
876 908 1056 1025 detegere

120 1032 226 1196 ἓῗὲτ
238 1023 423 1203 mittini
439 1008 613 1189 mliii?
627 1005 1058 1206 igffiusexghgssrranpip

121 1216 188 1294 det
214 1239 309 1315 opus
333 1239 357 1292 a
383 1213 418 1290 se
443 1213 705 1301 elaboratum,
739 1212 839 1307 quod
866 1215 976 1312 ptius
1000 1213 1057 1290 in·

119 1330 181 1399 ter
203 1316 368 1395 fornacis
390 1315 563 1392 flammas
596 1311 734 1389 intueti
765 1338 841 1391 non
849 1326 1056 1414 :potuerat

121 1418 249 1500 Tertio
266 1419 368 1516 quod
392 1415 696 1501 accensuamoris
721 1437 901 1515 angores,
924 1418 995 1516 qui
1019 1417 1056 1495 iu

66 1588 69 1593 ,

120 1724 220 1803 uitta
243 1723 380 1821 capitis
414 1721 486 1799 X'V
511 1722 551 1797 in
583 1718 803 1819 purgatione
831 1721 960 1803 senius
994 1746 1057 1799 ex·

121 1824 236 1931 periri
255 1823 399 1901 'tolentz
427 1845 515 1899 cum
540 1824 580 1899 hi
598 1823 638 1901 in
663 1838 775 1921 parte·
792 1823 969 1904 sensitiva
984 1826 1057 1901 suc·

121 1927 360 2014 tendantur:
373 1924 412 2002 ἃ
438 1923 622 2001 inferioris
648 1923 812 2016 ordinis,
836 1928 917 2005 imo
933 1928 1058 2006 'etiam

121 2025 356 2127 temperandi
383 2023 477 2114 sint,
507 2049 556 2102 ne
581 2001 729 2101 iinitati
754 2030 920 2128 corporis
947 2029 1058 2107 detri-

120 2144 295 2210 mentum
321 2125 503 2204 afferant:
541 2127 710 2203 dumilli
737 2130 931 2208 amoriiico
969 2153 1058 2230 quo·

121 2233 212 2311 dam
237 2236 346 2309 tanto
371 2228 663 2328 penetrabiliori,
677 2245 818 2326 quanto
843 2232 973 2335 magis
993 2232 1058 2333 spi·

33 2342 38 2351 '
121 2333 252 2415 rituali
276 2330 450 2431 supplicio
473 2328 639 2428 spiritum
665 2332 920 2431 transfigunt;
960 2334 1058 2436 spiri·

121 2444 187 2514 tus
212 2434 315 2512 enim
337 2431 417 2522 est,
453 2432 519 2529 qui
540 2432 708 2529 ingentis
724 2438 750 2526 ,“
772 2460 819 2512 ac
843 2435 951 2514 nullo
985 2438 1057 2515 alio

120 2536 221 2617 nono
236 2532 506 2635 -conpensandi
529 2534 618 2610 boni
634 2533 817 2615 defetium
830 2556 930 2615 'cum
954 2539 1058 2618 viva·

120 2638 239 2715 citato
273 2639 315 2714 in
353 2635 389 2711 se
423 2632 499 2734 ipso
540 2635 724 2733 persentit.
804 2638 949 2720 Verum
986 2640 1058 2730 est,

118 2739 226 2837 quod
250 2760 316 2837 pet
341 2735 626 2815 redundantiam
653 2737 774 2818 sensus
794 2762 946 2840 quoque
975 2767 1058 2820 cru·

120 2841 246 2917 ci'atus
262 2836 373 2938 hujus
398 2838 583 2938 particeps
602 2839 691 2917 fiat:
717 2842 778 2920 sed
804 2842 955 2943 spiritus
976 2869 1057 2921 mo·

117 2937 200 3019 iesti
223 2939 334 3041 hujus
365 2939 486 3017 sensus
517 2941 659 3018 nullam
690 2943 834 3045 prorsus
869 2947 1057 3024 rationem

120 3038 238 3120 habet
252 3050 269 3137 ’ς
303 3064 389 3117 cum
422 3043 455 3117 is
491 3066 567 3121 nnn
599 3045 713 3123 modo
738 3046 907 3146 ejusdem
936 3046 1056 3128 cauffo

106 3138 183 3260 fit,
209 3142 270 3261 sed
295 3142 369 3242 ipse
393 3162 541 3247 qunque¹
565 3148 727 3236 eundem
743 3149 864 3238 intuto
882 3150 1056 3234 vivacius

114 3253 342 3351 expetitum
521 3270 526 3277 ·

919 3418 1008 3558 ma.
