2220 3870
189 224 192 231 -
200 187 368 335 βξφας
380 193 627 336 purgationis
646 188 901 309 ,aminiculo
930 213 1025 327 597

84 363 235 469 ,debila
260 383 306 443 ac
338 364 510 444 affliaum
523 366 707 466 perstitit,
740 379 784 445 ut
812 363 878 443 vix
906 364 1026 446 ulliusw
1094 390 1097 401 ·

91 469 316 571 operationis
333 470 452 567 capax
468 467 524 545 srt.
577 470 627 546 Et
648 484 775 547 tamen
792 467 928 546 vulnus
945 465 1019 543 hoc

90 569 233 645 amoris
241 595 316 647 non
326 569 439 647 afficit
446 574 578 669 corpus
589 590 600 661 3
621 583 749 671 utpote
760 569 866 668 cujus
877 567 1023 649 nullam

90 671 245 767 attingit
262 673 477 770 potentiam,
493 671 555 749 sed
572 676 741 772 penetrat
753 672 938 750 duntaxat
951 668 1022 768 spi«

90 772 227 848 ritum:
254 773 317 849 hic
342 774 442 849 enim
468 772 585 863 solus,
610 776 700 850 dum
725 765 858 850 summi
883 771 971 848 boni
991 779 1028 849 a'

89 861 127 948 se
143 873 278 970 gustati
305 874 550 973 privationem
588 875 705 954 subito
731 871 1015 962 animadvertit,

89 975 206 1050 etiam
232 974 343 1073 jaculi
370 975 478 1074 igniti
501 975 636 1066 istum,
663 975 884 1056 &vulneris
913 996 1020 1052 acer<

87 1075 246 1154 bitatem
284 1076 468 1177 persentit.
527 1077 811 1167 Nihilominus,
851 1099 937 1152 cum
975 1075 1018 1157 iu

88 1177 223 1274 corpus
240 1178 287 1254 ob
308 1177 410 1261 suam
428 1203 514 1256 cum
528 1181 653 1271 anima
671 1181 846 1256 unionem
868 1176 1016 1255 modica
1066 1259 1069 1264 ,

88 1276 179 1355 diiii
208 1278 493 1379 doloris-portio
508 1282 711 1368 redundet,
748 1279 895 1356 modica
931 1278 1017 1353 haec

86 1380 321 1478 participatio
341 1380 487 1474 sufficit,
512 1396 556 1460 ut
580 1376 675 1459 iliud
696 1382 746 1460 ad
766 1381 902 1483 ¹mortis
927 1401 1016 1457 con·

87 1478 178 1557 finia
203 1482 437 1572 deducatur,
469 1504 553 1592 quae
569 1483 692 1584 reapse
712 1482 946 1580 quandoque,
962 1478 1017 1571 see

87 1596 279 1679 queretur,
305 1583 371 1660 nisi
391 1585 494 1661 Deus
514 1585 680 1663 animam
697 1583 834 1662 visione
853 1582 1016 1679 quadam

86 1685 339 1763 corroboraret
363 1677 574 1775 advitans,
599 1687 688 1764 licet
712 1697 855 1767 remote
878 1684 926 1760 ab
956 1705 1016 1772 eo,

87 1785 130 1863 in
152 1786 232 1864 ,hac
259 1785 534 1888 lachrymarum
560 1787 657 1866 valle
680 1785 988 1864 continuandam.

84 1990 176 2069 216.
190 1985 375 2168 Supma
406 1999 534 2169 autfim
571 1989 739 2168 onpiniprp
767 1988 1015 2169 adpriratipue

296 2115 469 2189 ignume
507 2113 616 2189 ,quo
692 2114 1015 2191 ooraeovee·
1102 2158 1109 2172 ,

83 2211 197 2268 mens
215 2189 255 2267 dt
280 2195 374 2270 adeo
406 2192 574 2272 insolitus
596 2194 747 2271 animae‘
765 2208 845 2270 tam
867 2190 1015 2290 sapidus

85 2313 136 2367 ac
166 2289 287 2368 suavis
319 2294 406 2383 fiat,
444 2308 488 2372 ut
518 2293 592 2370 sme
622 2295 686 2370 illo
720 2315 912 2390 nunquam
944 2289 1015 2369 esse

83 2389 220 2486 vellet;
245 2395 347 2470 undo
369 2417 435 2492 per
459 2396 726 2493 experientiam
750 2393 877 2472 edoiia
908 2391 1016 2494 supra

78 2493 206 2573 citata
221 2495 392 2593 magistra
411 2495 483 2572 ait:
510 2493 768 2572 interiturarum
788 2494 870 2598 hooc
909 2518 1015 2570 onom

84 2586 282 2697 libentifflme
298 2599 390 2696 serr,
422 2593 464 2673 &
477 2596 641 2696 fiqur'dem
664 2595 741 2672 Deo
759 2600 808 2673 ito
831 2601 866 2672 vi
888 2609 1017 2688 rretm,

86 2706 160 2770 roto
180 2701 256 2772 usin
271 2697 347 2796 san
371 2712 510 2797 tempore
537 2723 607 2774 eom
616 2697 755 2798 sufferre
772 2710 898 2798 parurn
919 2694 1015 2800 ιβιέι

76 2797 151 2895 ‘esto
182 2797 219 2871 id
243 2823 309 2874 non
337 2797 410 2900 effer
429 2797 549 2898 semei,
575 2798 639 2899 sed
666 2800 787 2875 arduo
814 2803 909 2885 auori.
960 2795 1025 2884 Et,

83 2908 171 2971 certe
192 2902 298 2974 minus
320 2902 402 2998 quid
429 2901 467 2977 id
493 2925 559 2976 non
583 2903 635 3004 ιβ.
703 2900 776 2978 ioco
807 2901 947 2998 citor.)
961 2900 1015 2978 Et

83 2997 128 3074 S.
151 2998 311 3100 Joannes
329 3028 353 3082 a
370 3003 491 3081 Cruce
517 3003 599 3103 ejus
621 3026 748 3093 comes
771 2999 875 3099 (loco
889 3003 1015 3101 citor.)

84 3095 154 3176 stuc
176 3116 334 3180 vocantur
359 3109 480 3182 amoris
508 3104 663 3193 cosmo,
693 3126 767 3201 qna
794 3105 910 3178 arriana
953 3112 1015 3178 aar

74 3197 302 3303 fhpidiffima,
342 3229 409 3301 quo
427 3218 566 3304 propter
588 3207 668 3283 dum
685 3204 737 3282 iis
763 3206 906 3287 amoris,
952 3204 1016 3302 stsr

84 3305 275 3398 trajicitur,
301 3305 417 3383 millies
435 3319 569 3384 mortem
593 3306 705 3384 labem
734 3315 907 3405 oppetam
963 3302 1017 3381 Et

85 3405 321 3508 expert'diimi
333 3407 598 3596 hisanstipon
617 3411 685 3511 ahs
706 3409 852 3500 ratione
869 3406 926 3490 iu
943 3401 1017 3497 ser«.
