2220 3870
492 345 661 438 mus‚&,
684 346 873 447 postquam
896 342 1108 422 monstravit

271 451 373 552 quod
393 450 662 528 revelationum
688 446 882 524 substantia
900 446 940 520 in
961 445 1108 524 occulta

269 552 472 629 veritatum
507 567 582 629 -aut
610 551 820 627 divinorum
863 568 1083 626 arcanorum

269 650 448 742 infusam,
476 653 517 732 vi
555 651 662 753 cujus
696 650 878 748 recipiens
916 651 964 727 de
1006 649 1109 748 ejusn

269 754 491 853 veritatibus
530 771 654 832 certus
687 753 870 844 redditur,
904 751 1028 828 lucem
1071 774 1109 828 m

262 854 463 940 &samone
501 857 691 948 consistat,
725 856 919 933 videamus
952 854 1060 952 jam,
1095 875 1109 929 ,t

265 957 396 1053 monis,
418 958 674 1060 hujuscemodi
690 957 936 1034 revelationes
957 952 1037 1030 fieri
1048 956 1109 1052 pol

125 1132 133 1151 ,
264 1055 448 1156 siquidem
473 1062 596 1151 Deus,
634 1062 723 1137 dum
764 1057 825 1134 vel
854 1057 1033 1134 veritates
1065 1078 1109 1133 oc

267 1170 332 1240 tae
361 1176 468 1241 extra
506 1161 565 1252 se,
595 1162 656 1241 vel
682 1183 819 1239 arcana
849 1158 892 1238 in
919 1157 954 1233 se
990 1157 1068 1257 ipso
1100 1183 1109 1234 t

265 1273 377 1342 tento
411 1264 573 1354 revelat,
621 1264 840 1358 neutiquam
884 1261 1018 1337 eadem
1049 1257 1109 1338 sen

262 1365 414 1444 ratione
440 1366 582 1444 utitur:
617 1365 848 1460 Quandoque
877 1383 937 1438 res
962 1361 1110 1437 secren

268 1466 372 1543 velat
400 1489 468 1566 per
493 1465 652 1544 visiones
688 1465 892 1554 ocularius,
925 1478 1035 1562 prout

268 1566 423 1654 accidit,
445 1566 535 1644 dum
550 1571 684 1646 rubum
717 1568 831 1656 vidit,
856 1587 968 1661 quem
1001 1562 1038 1641 se
1066 1600 1096 1629 ι’

266 1666 407 1743 circum
435 1667 652 1746 innocentes
690 1668 851 1744 flammae
879 1690 955 1743 non
997 1665 1108 1745 consu

265 1767 377 1850 bauto
400 1766 441 1848 ὅ(
465 1784 574 1868 prout
598 1769 745 1849 Danieli
769 1769 809 1846 in
833 1767 935 1865 regia
981 1767 1105 1870 Babyl

265 1869 420 1959 evenit,
444 1871 535 1947 dum
564 1872 726 1949 funestos
751 1869 979 1948 characteres
1004 1870 1045 1945 in

122 2059 126 2064 ,
265 1968 467 2069 descriptos
501 1973 700 2071 conspexit.
754 1972 842 2048 Alio
875 1986 1044 2070 tempore
1098 1983 1110 2038 Ι

264 2070 409 2150 sevelat
431 2094 498 2172 per
520 2073 678 2151 visiones
708 2073 969 2172 imaginarias,
1001 2088 1110 2169 quat

265 2170 515 2276 phantasticas
539 2174 677 2276 species
702 2176 741 2251 in
768 2188 893 2252 mente
928 2174 1095 2252 hominis

191 2324 197 2345 ·
264 2277 476 2365 combinat,
502 2290 547 2354 ut
582 2275 782 2376 objeiiamm
822 2277 921 2374 quod
955 2278 1099 2353 manifu

265 2377 372 2466 vult,
395 2399 462 2477 per
484 2401 551 2456 eas
576 2377 814 2478 exprimatur.
864 2377 966 2456 Talis
990 2377 1064 2456 suit

265 2477 455 2582 Jeremiae,
480 2481 570 2556 dum
594 2480 707 2556 ollam
734 2478 940 2556 succensam
964 2481 1069 2557 vidit.
1101 2496 1110 2545 t

262 2591 304 2657 aa
331 2574 450 2655 uides?
472 2578 515 2658 8
535 2580 634 2657 lixi:
661 2581 758 2660 olam
781 2578 972 2680 succensam
989 2605 1049 2679 ego

263 2676 309 2756 8
338 2680 462 2885 flacit?
486 2687 556 2784 ejus
588 2705 612 2760 a
643 2684 738 2785 fluia
771 2681 953 2780 Aquilonia
989 2683 1020 2782 (
1052 2708 1109 2760 cot

260 2804 297 2861 u.
334 2807 392 2882 13.

56 2930 60 2987 ³
171 3016 176 3040 ι
263 3008 350 3085 205.
458 3007 564 3063 crum
592 2983 656 3064 hic
679 2983 897 3064 subsstendo
922 2983 1107 3069 observari
