2220 3870
153 62 260 280 278'
285 118 352 251 Tr·
393 151 465 252 IV.
491 76 797 289 caprVltt.
823 155 964 290 Quini
975 181 1064 290 pro.

114 321 278 412 restet,
304 324 344 399 in
377 336 503 398 mente
528 322 696 399 retineat.¹
747 322 816 417 Rei
854 322 967 405 huius
1001 347 1064 399 ex·

145 424 313 522 emplum
339 425 515 523 propheta
551 424 663 524 Jonas
685 502 688 506 ,
710 420 748 522 (ί
773 447 843 520 cop.
872 449 908 520 3.
935 449 968 498 v.
997 426 1064 522 4.)

150 527 262 603 nobis
276 523 551 604 *dubininistret
602 525 785 623 Propheta
816 524 878 600 hic
912 525 953 621 in
975 526 1067 611 civi·
1102 584 1105 599 .

149 637 278 703 tatem.
328 626 487 702 Niniven
525 626 561 702 se
594 626 819 714 contulerat,
872 649 920 701 ex
965 642 1066 724 parte

151 724 223 804 Dei
258 726 328 802 toti
367 728 502 827 >populo
548 727 771 805 eversionem
807 726 846 802 dr
896 727 1066 803 ultimum

152 828 411 907 exterminium
445 829 588 907 civitati
628 828 704 926 poll
736 829 979 925 quadraginta
988 830 1067 904 dies

152 928 455 1026 superventurum
488 932 734 1007 annuntians:
753 970 757 982 ·
775 928 896 1004 Adbuc
921 929 1067 1026 quodra-

150 1034 252 1128 ginta
276 1031 361 1116 dics,
388 1029 430 1108 85
453 1031 574 1110 Niniue
589 1028 807 1128 subvertetur.
856 1032 907 1107 Et
940 1046 1067 1109 tamen

11 1216 14 1219 ,
152 1130 276 1231 'elapso
310 1133 452 1211 dierum
474 1133 619 1211 illorum
633 1133 801 1211 ‚termino
826 1131 1068 1231 civitas,pro·

154 1243 199 1309 ut
236 1234 471 1331 praedixerat,
514 1237 637 1314 diruta
670 1259 743 1311 non
778 1233 867 1309 fuit:
893 1232 1069 1329 siquidem

148 1334 324 1412 divinum
362 1336 573 1425 decretum,
605 1338 704 1434 quod
739 1333 944 1412 absolutum
966 1337 1069 1413 vide·

155 1435 267 1514 batur
322 1438 570 1514 conditionem
608 1437 727 1531 santio
763 1436 972 1533 Prophetae·
995 1461 1068 1511 non

153 1536 425 1615 manifestatam
442 1537 672 1627 involvebat,
691 1539 788 1615 hanc
808 1535 1069 1633 s'cilioet,quod

27 1639 31 1643 ’
147 1638 290 1715 civitas
314 1639 471 1716 delenda
495 1639 600 1728 ellet,
640 1638 705 1717 nisi
735 1640 836 1716 cives
867 1638 915 1714 de
933 1639 1068 1734 iniqui-

153 1749 278 1816 tatum
311 1737 456 1817 suarum
481 1741 716 1836 multitudine
749 1740 1006 1839 paenitentiam
1029 1765 1068 1817 a·

7 1899 11 1908 .
153 1851 297 1936 gerent.
349 1840 487 1918 Verum
511 1843 710 1920 Ninivitae'
734 1841 963 1931 imminentis
990 1841 1070 1917 vin·

155 1940 264 2016 dittae
302 1940 444 2019 divinae¹
466 1944 638 2022 nuntium
680 1943 929 2042 intelligentes
952 1944 1071 2018 cordi·

47 2141 49 2146 y
152 2039 225 2120 bus
270 2046 625 2142 compungebantur,
661 2045 785 2123 saccos
821 2039 1070 2133 inducebant,

125 2141 278 2238 ,capita
314 2144 435 2220 cinere
470 2146 771 2245 conspergebant,
814 2145 1010 2241 &rigidis
1035 2144 1070 2221 se

154 2241 305 2360 jejuniis
331 2249 594 2326 macerabant:
620 2249 718 2324 unde
743 2247 783 2324 tc
822 2261 1070 2347 praeparatum

43 2346 49 2359 ‘
151 2344 307 2448 jamjam
347 2347 468 2424 dirum
517 2350 588 2426 Dei
621 2349 857 2445 flagelluma
895 2346 1071 2429 leaver-

149 2459 306 2527 terunt:
355 2447 408 2527 Et
431 2448 579 2548 misertus
601 2455 642 2554 est
665 2449 760 2527 Deus
786 2449 890 2549 saper
921 2448 1072 2540 malitia,

155 2571 255 2643 quom
292 2548 417 2625 locutus
442 2553 578 2651 sacrat,
614 2554 796 2648 olfaceret
826 2554 895 2636 eis,
917 2547 976 2624 Θ
1004 2576 1072 2625 non

145 2649 241 2748 secia
294 2649 366 2726 Ubi
407 2668 608 2752 opportune
641 2667 748 2730 notes
785 2652 919 2740 velim,
971 2652 1072 2747 quod

153 2749 285 2850 Jonas,
319 2751 408 2831 dum
433 2757 650 2847 mandatum
676 2781 699 2832 a
727 2756 804 2830 Deo
847 2752 992 2850 accepit
1005 2810 1015 2843 ,
1029 2768 1072 2830 ut

152 2851 204 2927 ad
228 2851 372 2951 ruinam
397 2855 560 2944 civitati,
580 2856 626 2935 ·&
651 2871 808 2931 mortem
840 2854 984 2932 civibus
1004 2879 1070 2930 an·

47 2963 49 2968 '
153 2952 398 3057 nuntiandam
426 2955 587 3033 Niniven
617 2956 652 3032 se
693 2959 892 3046 conferret,
929 2980 995 3054 pro
1012 2981 1068 3046 eo,

149 3066 199 3129 ut
232 3053 355 3131 locum
395 3057 614 3135 destinatum
639 3073 798 3156 peteret,
846 3065 886 3135 in
924 3057 1067 3133 Tharlrs

151 3153 310 3250 fugerit:
337 3180 393 3243 ex,
409 3158 483 3254 ipsa
505 3160 577 3236 bac
601 3162 763 3249 tatione,
790 3162 889 3256 qnod
915 3157 1069 3256 prophe·

18 3282 23 3291 ·
144 3267 194 3331 ta
230 3255 365 3332 scilicet
403 3257 527 3349 loiret,
575 3262 686 3339 verba
725 3264 795 3339 Dei
851 3262 1069 3355 neutiquam

146 3353 289 3455 semper
323 3381 440 3452 eum,
472 3381 595 3460 quem·
628 3360 833 3464 praeseferre
858 3362 1067 3542 ,vidpntun

186 3517 191 3527 ,
559 3511 563 3519 -
956 3487 1021 3541 on·
