2220 3870
207 183 380 288 mediam
414 175 574 320 obseffio·
599 179 795 287 demetria
918 215 1004 311 415

88 356 158 436 tote·
190 371 309 434 execat
351 382 395 432 ex
419 356 476 456 isto
490 354 578 429 idolo
602 395 620 414 ·
643 396 662 418 ·
684 394 703 417 ·
751 352 850 454 Rogo
863 378 1005 437 aarum

86 457 167 551 ries,
200 472 238 534 ret
264 483 328 533 eron
364 456 441 556 plus
472 459 579 531 tardet
611 457 781 534 extrahere
812 457 1006 535 clamucium

88 559 133 638 ub
166 564 223 663 isto
250 558 348 638 idolo.
365 583 385 650 e
400 558 451 634 Et
468 581 515 633 ne
544 559 585 635 in
618 582 659 635 re
682 562 777 637 adeo
812 557 1011 645 manifestat

87 664 235 767 longior
263 661 357 751 sim,
399 658 502 756 legat
556 661 709 737 direlior
734 662 852 738 vitam
881 661 1029 762 cuiue.

89 787 237 860 cunque
266 767 416 841 demum
449 760 557 837 santii
593 774 659 839 aut
688 760 779 839 servi
813 764 902 854 Dei,
938 762 1007 859 qut
1101 841 1104 845 ,

88 867 141 945 ad
174 865 302 942 infulae
325 860 646 961 contemplationis
665 863 800 939 statum
824 867 1006 963 pervenit,

88 968 131 1047 dr
147 992 209 1042 «ne
234 989 351 1042 unum
379 963 570 1064 quidem(
595 963 661 1041 nisa
688 978 814 1042 tamen
827 964 929 1042 Deus
939 989 1006 1065 pe·
1050 990 1055 999 ·

90 1068 221 1145 culiati
253 1091 341 1144 eum
382 1064 573 1164 privilegio
609 1070 655 1143 ab
698 1066 921 1156 ordinariis,
962 1066 1005 1146 de

91 1170 351 1247 communibus
389 1167 533 1263 legibus
561 1169 740 1242 exemerit
769 1174 796 1264 )
827 1168 1032 1266 reperiet...

87 1270 157 1370 qui
190 1284 334 1347 atroces
358 1265 548 1344 infernalis
573 1268 685 1369 hujus
703 1266 907 1349 obselliouis
935 1269 1008 1348 im·
1097 1286 1102 1295 '

87 1386 202 1475 petus
237 1397 312 1448 nou
339 1371 404 1445 diu
437 1367 652 1448 sustinuerit.

85 1589 156 1663 ει.
169 1571 272 1735 Sed
305 1572 393 1668 quid
420 1572 572 1665 mirum,
595 1574 693 1670 quod
714 1570 806 1651 servi
832 1572 902 1649 Dei
924 1571 1007 1649 lon·

248 1699 297 1772 go
328 1687 494 1772 tempore
525 1677 793 1764 tentationum,
815 1673 854 1752 dr
890 1673 1009 1750 mole-

88 1776 242 1856 tuarum
271 1800 295 1852 a
322 1776 552 1853 daemonibus
581 1775 814 1854 obsessoribus
832 1774 1009 1876 prosetta-

89 1900 177 1957 rum
195 1878 322 1976 scopus
351 1901 396 1954 ac
419 1892 519 1954 meta
538 1878 696 1969 fuerint,
728 1901 814 1955 cum
843 1876 1009 1954 Christus

89 1977 192 2078 ipse,
222 1992 266 2054 ut
279 1980 344 2055 eis
360 1980 570 2077 exemplum
591 1982 789 2078 praeberet,
804 1978 843 2056 dt
859 1979 1022 2057 animos.

91 2082 265 2165 adderet,
291 2081 560 2162 daemoniacam
586 2083 682 2160 hauc
707 2081 931 2159 obfidionem
948 2079 1008 2158 su·

90 2181 224 2259 stiuere
245 2180 433 2258 voluerit?
481 2182 576 2258 illud
602 2182 700 2280 quod
726 2183 1008 2260 Redemtordu·
1054 2240 1057 2245 -

92 2281 174 2371 stus
213 2281 256 2359 su
279 2283 319 2358 in
339 2282 538 2367 desertum,
571 2296 610 2359 at
635 2296 858 2361 rmearerura
892 2282 1008 2358 diabo-

94 2384 209 2475 lo-‚'&
236 2384 333 2461 circa
359 2383 656 2462 idololatriam&
693 2386 787 2460 circa
804 2385 940 2479 gulam,
954 2384 1011 2475 ita

90 2499 138 2563 ut
167 2487 283 2562 etiam
302 2486 404 2583 super
430 2485 665 2583 pinnaculum
691 2487 818 2586 templi
834 2487 1009 2562 statuere<

90 2599 174 2664 tur:
210 2587 303 2663 illud
332 2587 430 2682 quod
458 2587 688 2665 cruciatuum
704 2586 848 2663 suorum
865 2601 1009 2685 tempo·

91 2710 135 2766 re
163 2702 220 2764 tot
247 2689 433 2764 atrocibus
466 2688 720 2787 carnificibus,
762 2689 825 2785 qui
858 2708 1008 2780 omnes,

91 2800 139 2867 ut
172 2788 263 2866 sacri
290 2790 508 2888 interpretes
541 2788 693 2879 dicum,
724 2813 746 2865 a
776 2791 1043 2873 damonibus·

92 2891 146 2970 ad
174 2889 353 2968 saevitiam
382 2907 508 2968 contra
533 2915 617 2969 eum
636 2891 780 2967 incitati
805 2890 1011 2979 fuere‚cit·

93 2993 294 3071 cumdatus
314 2991 448 3084 fuerit3
469 3017 557 3070 num
578 2993 680 3070 aliud
700 3015 811 3088 quam
831 2994 1011 3069 daemoni·

93 3116 165 3172 cca
194 3093 367 3190 quaedam
386 3093 529 3179 obselfio
546 3093 645 3170 fuit?
696 3094 808 3171 Haud
826 3094 934 3168 dubie
951 3108 1025 3187 tus„
1079 3103 1082 3109 “

91 3192 142 3275 lic
168 3193 262 3280 fuit,
297 3217 383 3269 cum
415 3195 428 3269 i
466 3217 487 3269 e
528 3195 728 3279 Redemtor
762 3194 905 3294 proprio.
944 3217 1014 3275 ore

92 3295 168 3374 hoc
192 3295 357 3372 dixerit:
448 3297 551 3396 acefl
584 3297 666 3369 leura
693 3298 812 3396 restra,
845 3293 887 3372 ὅ
914 3309 1010 3392 poree

85 3399 158 3501 fidu
189 3394 446 3502 tenebrarum(
474 3390 522 3476 L·
539 3419 601 3487 220
623 3399 809 3507 'vll-¹⁵³2)
855 3396 1010 3590 Qdueogiff

162 3540 192 3587 ξ’)
1058 3536 1060 3541 “
