2220 3870
148 212 216 303 gy·
232 184 502 329 proprietates
524 130 852 284 revelationne
903 217 1001 318 237

78 365 168 445 dam
209 359 410 438 veritatum
453 353 611 453 figuras,
651 380 697 435 ac
726 355 894 461 symbols
930 357 1001 461 ede

78 470 238 548 debere:
281 459 410 558 quales
442 455 566 558 reapse
595 473 703 538 erant
735 461 964 553 charaiie‘te‘s'
976 486 1002 543 a

77 565 239 651 Daniele
266 559 356 653 visa,
387 560 452 659 qui
491 561 723 661 punitionem
746 564 905 645 infausto
926 564 1004 645 Bo

77 668 246 773 byloniae
260 712 266 720 -
281 663 363 761 regi
392 656 602 740 Bolthasarl
633 686 657 741 a
689 664 771 742 Deo
796 759 800 767 ⁴
844 687 1005 767 raepara·

78 788 158 852 tam
183 767 420 853 indicabant,
439 758 488 840 'dc
515 762 588 865 olla
613 763 780 846 succensa
811 688 1005 868 ieremiaef

80 897 167 976 quae
208 867 373 947 civitatis
406 867 621 943 incendium
664 864 902 966 significabat.
942 870 1004 949 ‘Si

79 976 190 1056 dietis
223 967 608 1070 repraesentationibus
646 967 829 1070 ejusmodi
868 970 1006 1072 signiti-
1081 978 1084 983 ’

78 1078 249 1157 cationes
285 1069 419 1158 desint,
442 1069 605 1146 vifiones
624 1071 797 1168 equidem
833 1071 1006 1174 superna·
1037 1096 1038 1099 ‘

78 1176 242 1265 corales
255 1173 472 1268 neutiquam
500 1184 628 1248 tamen
639 1172 866 1271 propheticae
882 1184 1003 1255 erunt.

97 1305 162 1361 am
196 1272 269 1355 lte'r
291 1276 479 1372 inceptum
493 1273 761 1371 prosequamur.
809 1276 1006 1354 Multoties

139 1404 188 1459 us
221 1400 281 1454 res
306 1375 464 1451 secretas
484 1376 625 1452 revelat
657 1398 722 1474 per
749 1377 862 1454 verba
885 1377 1006 1465 vsenst-

82 1484 199 1576 bilia}
225 1476 270 1556 'dt
299 1477 383 1552 haec
411 1476 523 1552 modo
559 1477 711 1553 auribus
737 1472 904 1554 externis
922 1498 1005 1583 pet·

83 1583 295 1685 cipiantur,
308 1580 420 1654 modo
445 1577 601 1654 interius
624 1580 662 1653 in
689 1580 800 1657 corde
813 1579 1004 1678 reionint3

83 1689 124 1766 in
146 1686 210 1763 his
241 1682 354 1758 modo
382 1679 530 1778 persona
551 1679 706 1775 loquens
732 1680 902 1784 videtut,'
925 1707 1014 1773 moe,

84 1790 135 1867 do
167 1809 245 1862 non
268 1783 425 1860 videtur.
475 1781 745 1879 Huiuscemodi
770 1799 876 1863 erant
900 1808 1006 1863 reve·

84 1890 270 1973 lotiones,
309 1904 403 1980 quas
445 1883 636 1980 prophetoe
665 1882 799 1985 populo
832 1886 1007 1965 annunti·
1041 1907 1044 1915 ·

85 1984 224 2078 abant,
251 1984 427 2062 sermonis
461 1982 514 2060 iui
539 1986 732 2063 exordium
772 1989 951 2065 ducentes
981 2004 1008 2067 a·

85 2091 212 2173 verbis
242 2086 341 2164 illis:
363 2085 446 2159 Hoc
469 2085 553 2160 dicit
570 2080 754 2171 Dominari
776 2091 848 2166 His
866 2092 1008 2169 etenim
1046 2115 1053 2132 '

85 2192 322 2278 indicabant,
357 2187 392 2263 se
422 2187 518 2263 ditia
553 2186 615 2266 sua
653 2190 700 2266 ab
750 2190 825 2289 ipso
856 2192 1009 2280 Domini

87 2320 152 2376 ore
179 2289 341 2370 hausrffe.
393 2290 560 2366 Tandem
586 2289 689 2366 Deus
716 2293 936 2388 quandoque
953 2292 1010 2369 su·

88 2422 131 2478 as
168 2393 415 2474 revelationes
434 2391 572 2468 animae
600 2391 673 2468 sme
706 2394 859 2469 vocibus
879 2392 919 2470 dt
932 2390 1011 2468 sen·

88 2498 252 2580 libilibus
291 2491 672 2593 repraesentationibus
705 2494 915 2594 impertitur
946 2506 1012 2594 pet

88 2602 209 2680 folum
243 2592 491 2674 intelleiiuale
531 2594 658 2685 lumen
681 2593 842 2685 scilicet,
881 2609 1013 2692 quate⁴

90 2725 166 2780 nus
189 2700 391 2787 veritates,
417 2720 462 2773 oc
485 2695 649 2796 objeiia,
684 2719 769 2794 quae
796 2697 899 2774 Deus
930 2720 1012 2776 ma·

89 2802 262 2884 nifestare
290 2798 394 2889 vult,
432 2796 513 2898 ejus
538 2821 609 2899 ope
642 2821 778 2897 magna
811 2788 1014 2882 &clarita

92 2920 132 3086 pe
163 2904 206 2984 dc
237 2901 459 2980 certitudine
484 2899 604 2979 tuenti
623 2896 698 2980 suae
720 2899 913 3003 praesentia
927 2924 1017 2987 con·

108 3008 214 3110 picit.

95 3214 185 3293 aod.
270 3206 347 3285 icet
373 3204 470 3284 alius
496 3184 640 3304 insuper
668 3201 858 3283 revelandi
883 3204 1020 3284 medua

123 3372 127 3379 .
309 3308 443 3394 detur,
480 3307 545 3403 qui
582 3329 667 3385 cum
685 3305 870 3404 personia
895 3301 1023 3384 somno

94 3410 228 3522 sopiti!
258 3433 306 3493 ac
332 3406 499 3488 &usuum
535 3406 602 3489 usu
637 3405 822 3488 destitutio
837 3400 840 3404 ’
855 3406 1037 3612 quqatpdo·
