2220 3870
147 150 244 245 116·
267 135 337 235 Tr.
361 136 435 237 IV:
460 138 559 274 Cap.
596 132 713 237 Villa
740 136 1026 271 Intellessuoles

147 309 296 387 entibus
325 304 365 383 δι
390 303 663 405 proficientibus
685 309 848 395 nondum
865 311 958 386 bene
976 334 1059 410 pur.

143 412 244 510 gatis
271 405 339 484 elle
368 408 551 505 proprias,
565 405 668 485 -licet
701 409 802 485 Deus
842 434 890 488 ex
923 408 1059 491 finibus

144 510 390 612 peculiaribus
422 530 487 584 eas
518 508 708 585 multoties
737 511 851 588 etiam
888 512 1054 612 persenis

140 613 338 689 concedat.
392 608 461 699 ¹Ita
495 609 638 708 mystici
671 611 843 688 Doliores
880 634 1056 692 'commn-

141 715 266 790 niter:
302 709 341 786 δι
389 710 430 788 Ρ.
455 710 666 802 Thomasa
697 711 779 813 Jesu
816 711 845 810 s
879 708 962 791 Ora.
985 714 1053 793 div.

142 811 222 891 Lib.
264 840 299 909 3.
335 807 418 907 Cep.
446 834 480 907 5.
506 817 535 912 )
561 835 605 889 ac
632 812 929 916 carthusianus(
944 813 1053 914 selebi.

142 918 233 1014 myst.
249 939 286 1012 p.
304 938 342 1012 4
373 909 457 1009 Cup.
471 935 507 1010 5.
533 914 562 1013 )
587 912 626 988 id
658 912 734 991 fuse
753 918 919 1015 probant.
959 918 1057 1007 Qua·

143 1029 291 1117 propter
324 1012 351 1091 si
382 1015 558 1091 Direiiori
589 1015 713 1091 anima
741 1019 942 1113 quaedam,
973 1026 1057 1115 quae

145 1115 327 1217 ejusmodi
363 1112 541 1191 visionum
582 1114 697 1213 specie
726 1115 935 1214 frequenter
951 1180 955 1186 ,
970 1120 1059 1197 frui·

143 1232 228 1307 tur,
269 1218 430 1312 regenda
467 1217 663 1305 obveniat,
697 1233 860 1309 caveat„
891 1242 939 1295 ne
965 1220 1057 1321 justo

140 1319 322 1418 majorem
358 1320 405 1393 de
444 1316 543 1393 illius
581 1318 718 1403 virtute
751 1320 1057 1399 existimationem

144 1421 339 1518 concipiat.
391 1418 537 1525 Harum
563 1417 739 1496 visionum
765 1418 913 1497 effestus
930 1436 1058 1499 autem

140 1524 189 1600 ab
221 1522 313 1610 illis,
332 1542 424 1617 qnos
447 1520 493 1595 de
516 1522 698 1617 corporeis
726 1520 922 1599 visionibus
943 1548 1057 1621 agen·

141 1637 201 1699 tes
227 1620 442 1709 retulimus,
480 1645 555 1696 non
583 1617 778 1714 differunt,
805 1620 870 1700 nisi
889 1627 989 1721 quod
1007 1623 1058 1702 es·

140 1714 257 1801 seslus
282 1721 606 1818 imaginariamm,
631 1745 676 1797 eo
700 1724 800 1820 quod
822 1726 945 1821 magis
970 1726 1057 1803 inti·

139 1846 214 1901 mae
241 1821 328 1911 sint,
354 1844 466 1919 quam
499 1844 702 1923 corporeae,
727 1824 877 1925 majoris
902 1824 1058 1905 efficaci·

140 1924 231 2001 tatis
256 1921 323 1999 else
349 1923 498 2001 soleant.
1067 1958 1069 1962 >

138 2113 1053 2141 m-—n—-una—-m

132 2396 136 2403 1
285 2251 938 2405 ἱοΑΡυΤνηι

190 2493 474 2593 Intellessuales
522 2492 686 2626 vifionrs
710 2464 1000 2631 declarantur,

145 2756 227 2828 103.
338 2728 400 2807 ifio
436 2728 689 2807 intelleslualis
726 2754 835 2828 pura,
870 2752 984 2828 quam
1015 2730 1057 2809 in

368 2833 537 2933 praesenti
578 2830 793 2931 pertraltare
830 2831 1053 2931 incipimus,

369 2934 486 3010 multo
502 2931 710 3032 perseum,
728 2933 766 3009 n
785 2932 911 3011 ,multo
935 2933 1057 3017 excel·

139 3035 273 3112 lentior
297 3034 348 3113 est
374 3036 544 3112 omnibus
569 3035 676 3123 aliis,
697 3035 743 3109 de
774 3031 1056 3129 quibus'haste·

139 3161 212 3214 nus
250 3136 458 3214 ratiocinati
486 3134 630 3223 sumus,
654 3132 873 3211 visionibus:
901 3135 990 3239 quia
1012 3137 1052 3215 in

134 3234 208 3317 solo
234 3236 417 3314 intelleilu
443 3234 574 3332 absque
610 3235 685 3311 ullo
707 3233 917 3331 sensuumis
992 3236 1056 3315 'in-

127 3338 314 3437 teriorum
350 3357 462 3435 quam
479 3336 702 3439 exteriorum
716 3336 907 3465 .i¹ifl¹.¹'‘¹¹.,.i
923 3360 1057 3523 ἔξω·

990 3497 1005 3537 9
