2220 3870
53 362 56 371 Ι
182 214 361 356 prandea
395 245 468 349 pro
511 200 716 355 diret‘iore.
868 245 958 340 499

46 388 273 492 praefigurare
296 385 403 466 nobis
427 382 639 458 dicentem:
669 379 768 484 Quod
796 409 845 460 me
867 388 960 464 uide·

46 496 82 568 u's
112 493 248 592 fucere,
284 490 347 564 cito
382 487 499 584 facite.
549 485 731 562 Sustinete
760 488 854 564 bono
873 492 960 567 ani·
1054 530 1064 541 =

46 608 100 669 no
136 614 200 692 pro
234 614 324 678 me,
360 588 458 684 quod
483 609 553 682 ego
591 599 697 661 tanto
721 611 807 664 cum
831 614 959 670 amore

46 718 103 792 nro
128 695 233 771 vobis
259 690 403 790 pertuli.
455 688 539 763 Hoc
564 686 615 761 est
640 690 845 768 remedium
881 686 959 770 effi-

46 796 279 880 :aciffimum‚
306 791 405 887 qu'od
431 813 454 865 a
489 787 665 885 spirituali
691 794 835 869 medico
870 795 960 872 huic

46 898 219 974 nalorurn
244 893 372 993 generi
394 891 599 967 identidem
624 890 799 991 applicari
824 919 961 978 conve.

46 1001 105 1077 nit.

146 1193 664 1395 us
686 1191 961 1379 rinna:

47 1399 250 1488 ticis‚s1ve
275 1402 321 1474 ab
346 1398 554 1487 extraneis,
587 1397 660 1474 five
694 1398 867 1498 malignis
893 1403 961 1479 ho·

47 1506 219 1592 ninibus,
253 1500 326 1578 five
347 1502 403 1575 'ab
436 1497 520 1597 ipiis
547 1497 781 1576 conscientiae
814 1502 963 1582 arbitris

47 1604 333 1698 osetiationibus
360 1602 550 1698 exagitata
576 1600 594 1702 (
618 1600 706 1676 licet
732 1603 770 1678 id
805 1627 869 1702 per
892 1605 963 1681 fai-

47 1714 94 1791 'us
121 1707 236 1781 etiam
262 1702 960 1802 imposturascontingat)nequaquam

47 1809 197 1905 aciliter
221 1807 257 1882 se
283 1803 478 1892 excusare,
504 1803 543 1881 dc
568 1804 686 1880 multo
710 1806 834 1882 minus
861 1810 907 1883 de
922 1833 962 1884 e·

47 1907 194 1993 osmodi
233 1903 490 1999 offeniionibus
528 1929 653 1982 coram
678 1905 761 1983 aliis
787 1909 964 2006 conqueri

47 2014 197 2094 teneat:
222 2008 284 2085 sed
309 2009 418 2084 debet
443 2008 588 2107 potius,
616 2019 658 2084 ut
679 2010 838 2106 primum
864 2012 961 2103 dixi,

47 2114 119 2196 esu
155 2110 288 2188 Christi
326 2111 538 2209 exemplum
571 2107 636 2185 fibi
679 2111 961 2208 repraesentare,

47 2214 167 2297 »mnia
192 2213 245 2288 illi
281 2208 429 2299 offerre,
459 2233 609 2287 ornnem
634 2208 735 2285 suam
780 2210 879 2310 spem
920 2214 963 2290 in

47 2346 85 2399 ιο
111 2315 316 2402 collocare,
343 2309 383 2387 dr
407 2310 461 2386 sui
493 2308 738 2385 defensionem
772 2309 836 2409 ipsi
861 2332 964 2389 com·

47 2420 213 2503 ninere,
246 2415 334 2490 viva
358 2410 432 2495 fide
455 2411 647 2507 inquiens:
696 2408 790 2486 Pone
813 2438 862 2486 me
878 2417 966 2512 jux.

47 2548 74 2603 a
112 2531 175 2605 tr,
217 2514 258 2594 &
297 2514 441 2612 cujusvis
474 2537 590 2607 monus
610 2524 737 2611 pugnet
778 2527 891 2589 contra
916 2536 966 2591 me

47 2625 67 2726 J
96 2614 191 2728 ffobi
215 2641 287 2716 cop.
317 2640 374 2716 17.
399 2637 433 2692 u.
460 2615 550 2712 3.)
588 2626 673 2690 aut:
727 2609 769 2691 Si
799 2619 968 2718 confisioni

47 2721 213 2822 iduersum
238 2745 287 2794 me
310 2743 347 2792 cn
373 2740 436 2803 ru,
466 2737 530 2790 uon
556 2713 760 2792 timebitur
783 2740 897 2795 meum.
927 2715 970 2797 Si

47 2825 205 3018 'iiiii‘
216 2820 330 3022 iiii
345 2844 407 3002 “zi
422 2843 472 2995 ”i
493 2816 725 3019 iiiiii?
736 2814 969 3001 iiiiii

48 3027 263 3123 neutiquam
288 3021 437 3112 dixero,
460 3022 559 3118 quod
583 3042 669 3097 cunr
695 3020 969 3102 humilitate&

48 3129 225 3215 modestia
251 3152 324 3227 non
350 3124 470 3225 point,
494 3122 533 3200 dr
554 3149 628 3200 non
647 3123 779 3202 debeat
792 3125 906 3200 etiam
917 3124 970 3217 ie-

48 3236 82 3316 ie
108 3227 301 3318 excusare,
325 3231 415 3303 dum
441 3224 557 3323 gloria
589 3227 660 3303 Dei
690 3227 729 3303 id
756 3226 889 3321 exigit:
914 3224 971 3300 di·

48 3356 94 3419 no
120 3335 321 3422 duntaxat,
348 3329 446 3425 quod
470 3343 575 3404 extra
603 3328 674 3403 hos
708 3327 811 3406 caius
836 3324 971 3403 tolera·

48 3460 89 3523 ro
113 3434 156 3516 dc
177 3448 302 3520 tacere
327 3442 516 3614 oportleat,
540 3428 569 3508 si
591 3428 695 3513 itum
715 3427 974 3532 purgationem

78 3552 111 3595 ὅ*
145 3576 150 3583 -
211 3558 220 3579 ·
456 3551 520 3615 12
607 3594 609 3599 ·
843 3550 959 3612 cum·
