2220 3870
153 189 264 312 410]
355 156 423 257 Tr.
445 167 498 258 V.
515 148 630 296 'Capu
668 154 760 256 VII.
784 145 973 256 Adam

150 331 216 413 stri
247 353 317 410 nos
354 352 484 406 omnes
518 329 760 415 adoriuntur,
809 329 991 425 quamdiu
1036 331 1074 410 in

149 432 225 515 stac
249 432 521 531 lachrymarum
549 431 663 518 valle,
690 441 776 518 aut,
805 443 849 506 ut
873 431 1072 509 meliusdi·

63 542 69 559 '
147 556 259 623 cam,
283 535 323 610 in
348 534 420 610 hoc
444 533 525 609 loco
546 530 733 607 conflictos
759 533 944 629 degimus.
1024 535 1072 612 Ut

151 659 200 713 ea
225 647 376 724 autem,
418 654 501 729 quae
535 634 594 709 his
620 633 742 708 verbis
766 633 921 707 innuere
949 635 1067 726 volui,

147 737 222 817 tite
248 735 585 834 apprehendantur,
611 734 842 810 fundamenti
867 733 962 809 loco.
978 758 1069 834 prae·

143 838 262 920 mitto
287 837 488 914 doctrinam
497 835 598 912 iliam
610 835 771 930 Magistri
782 834 1065 928 sententiarum,

147 960 265 1037 quam
287 936 561 1034 Theologidein
577 936 820 1011 communiter
833 951 1065 1035 receperunt:

148 1039 273 1122 Nemo
297 1037 462 1115 fidelium
488 1039 654 1124 dubitat,
680 1039 768 1132 quin
793 1039 895 1113 Deus
921 1039 973 1115 ad
999 1040 1066 1140 pri·

145 1162 255 1222 mum
278 1139 446 1217 hominis
463 1139 503 1215 in
522 1139 600 1215 hoc
624 1140 763 1215 muodo
776 1152 899 1215 ortum
924 1140 1065 1218 illiAn·

175 1245 275 1320 elum
298 1242 468 1339 assignet,
482 1240 545 1336 qui
570 1264 656 1315 eum
675 1239 948 1338 custodiat,per
967 1265 1065 1320 mare

141 1266 455 1425 {manifestarum
470 1340 681 1440 dirigat,&
707 1343 859 1418 tandem
883 1343 935 1419 ad
961 1360 1065 1422 aeter·

140 1469 210 1548 mae
235 1445 475 1522 beatitudinis
501 1457 648 1542 portum
673 1443 861 1541 perducat.
924 1445 1064 1523 Eadem

144 1546 225 1649 jam
247 1548 391 1623 ratione
414 1544 582 1634 Lucifer,
607 1543 670 1640 qui
695 1558 878 1640 tanquam·
899 1546 1063 1625 vilissima

143 1647 251 1727 simia
286 1649 411 1723 omnia
443 1647 514 1722 Dei
548 1668 659 1744 opera
704 1640 844 1721 unitari
882 1659 1063 1738 attentat,

138 1751 248 1826 omni
273 1747 406 1834 etiam,
419 1744 483 1844 q'ui
508 1746 676 1835 nascitur,
701 1746 844 1823 homini
853 1747 1062 1827 daemonem

143 1849 313 1946 assignat,
340 1848 404 1943 qui
445 1871 532 1923 eum
567 1870 631 1946 per
656 1861 778 1923 totum
791 1848 895 1924 vitae
920 1852 1060 1928 cursum

114 1949 430 2048 ,suggestionibus
456 1947 528 2024 suis
562 1948 725 2036 infestet,
756 1961 867 2044 atque
901 1952 956 2027 ad
980 1975 1060 2030 eum

140 2050 184 2132 in
206 2051 364 2147 ¹ruinam
401 2049 672 2126 denarbandum
696 2050 839 2126 nullum
862 2076 942 2128 non
975 2055 1059 2154 lapi·

129 2147 230 2231 'dem
266 2162 426 2228 moveat.
482 2148 542 2226 Ex
575 2173 648 2247 quo
680 2151 938 2249 consequitur,
965 2154 1058 2252 quod

140 2254 331 2336 neminem
357 2253 396 2328 in
420 2254 560 2328 mundo
584 2253 796 2330 mortalium
822 2257 984 2351 reperire
1010 2256 1058 2343 fat,

140 2357 207 2456 qui
233 2381 307 2432 oon
332 2379 355 2429 a
379 2354 548 2429 daemone
573 2353 662 2441 hoc,
687 2355 735 2429 ad
761 2357 968 2432 curandam
983 2359 1058 2457 eius

140 2458 288 2551 ruinam
322 2456 498 2553 deputato
530 2455 734 2529 identidem
763 2455 1058 2553 ·impctatur,&

136 2548 325 2734 vajiarum
361 2556 610 2631 tentationum
648 2556 762 2631 armis
808 2557 1056 2655 impugnetur.
1100 2620 1103 2625 .

136 2655 177 2744 V,
196 2680 278 2733 rum
303 2657 386 2732 haec
412 2658 536 2733 omnia
568 2658 618 2732 ad
650 2657 882 2733 formandam
918 2661 1057 2737 daemo·

136 2760 284 2838 niacam
309 2757 557 2847 obfeffionem,
583 2772 650 2832 aut
663 2756 906 2848 obsidionem,
919 2762 971 2838 de
989 2784 1057 2859 qua

135 2860 245 2939 nobis
271 2860 546 2947 hicsermoest‚
562 2861 720 2934 necdum
741 2860 944 2936 sufficiunt:
972 2884 1056 2940 nam

118 2952 230 3044 ,thut
263 2981 452 3056 nunquam
484 2961 636 3049 dicitur,
663 2961 762 3055 quod
787 2960 901 3035 hostis
925 2964 1056 3040 civita·

133 3072 213 3141 tem
239 3062 423 3155 obfideat,
462 3060 673 3156 srquodam
697 3064 881 3138 duntaxat
914 3063 1056 3164 impetu

135 3186 220 3240 eam
244 3162 454 3250 adoriatur,
482 3160 542 3237 sed
568 3178 744 3260 praeterea
774 3162 996 3258 requiritur,
1016 3175 1057 3242 ut

122 3260 318 3352 stabiliter,
335 3277 422 3339 ante
449 3261 529 3360 ejus
553 3284 680 3339 muros
706 3262 884 3361 perfrstat,
897 3288 1056 3362 eamque

134 3367 253 3468 copiis
277 3364 351 3447 suis
376 3365 537 3466 quodam
547 3365 725 3467 temporis
749 3367 867 3447 trattu
893 3366 1057 3482 clausam

234 3538 239 3547 .
545 3520 548 3527 ¹
927 3490 1010 3548 cm·
