2220 3870
77 154 79 159 ⁸
177 147 351 293 spiritur
361 162 613 308 purgationis
628 152 880 257 adminicula.
918 167 1014 268 605
1069 292 1072 308 ‚

82 329 160 424 du3
186 328 247 407 sed
278 331 387 428 quod·
411 330 524 406 modo
559 310 700 429 metior,⁴
726 329 839 406 modo
865 328 1017 435 minor,

79 432 221 537 iugens
235 444 367 511 tamen
389 429 530 530 semper
554 429 700 531 spiritus
715 429 937 530 martyrium
955 426 1014 509 fit.

80 659 176 732 223.
191 636 292 803 Ut
314 628 482 712 Direstos
503 645 632 714 autem
657 633 794 713 amoris
818 630 1014 711 vuluerat

296 736 480 825 letulibus¹
509 736 620 816 sanni
655 735 792 814 amoris
825 733 1021 832 languoris
1077 796 1081 803 .

85 838 157 918 bus
178 837 248 915 rite
274 837 494 935 distinguere
520 837 664 924 noscat,
691 850 936 936 opportunum
954 835 1017 935 ju·

82 939 229 1026 dicavi,
254 937 464 1030 diurimen,
491 962 564 1038 quo
577 940 735 1038 prioraa
752 937 1009 1037 posterioribus

83 1036 356 1131 discernuntur,
378 1040 453 1124 hoc
477 1041 517 1117 in
541 1041 623 1117 loco
648 1040 833 1138 assignare.
883 1037 1011 1130 Prima

81 1143 213 1239 itaque
236 1139 443 1220 differentia
468 1142 519 1225 est
535 1143 636 1233 haec,
661 1143 760 1239 quod
771 1139 944 1226 vulnera,
967 1153 1015 1219 ut

81 1243 161 1346 jam
186 1243 426 1333 audivimus,
452 1246 492 1341 in
507 1259 696 1321 momento
714 1241 827 1333 siant,
852 1241 892 1317 id
911 1238 1013 1338 qnod

81 1344 298 1422 vulneribus
331 1347 519 1444 proprium
556 1346 636 1445 est3
673 1344 829 1442 sanguor
861 1355 1010 1434 autem,
1087 1375 1093 1382 ·

80 1447 172 1524 licet
198 1446 245 1521 de
269 1445 463 1545 improviso
498 1446 748 1546 superveniat,
780 1443 1011 1545 pedetentim

79 1545 285 1641 increscat3
331 1548 371 1632 id
417 1551 516 1646 quod
556 1549 811 1646 languoribus,
826 1546 1012 1645 congruit.

80 1648 209 1727 Primo
234 1648 423 1745 reponitur
447 1649 573 1728 anima
596 1651 637 1726 in
660 1649 877 1737 solitudine,
904 1647 1010 1724 dein·

80 1751 131 1827 de
157 1750 196 1825 in
222 1751 335 1826 anxio
357 1749 552 1838 desiderio,
588 1752 627 1829 &
661 1752 815 1828 tandem
837 1750 880 1855 in
901 1748 1009 1829 letali

81 1873 216 1947 agone
264 1853 437 1931 Secunda
475 1849 683 1930 differentia
720 1853 855 1929 exinde
879 1850 1009 1941 oritur,

80 1953 184 2048 quod
208 1954 256 2029 ad
281 1952 522 2053 infligendum
547 1955 685 2032 amoris
700 1956 837 2047 vulnus
858 1977 933 2029 non
953 1950 1010 2029 su·

79 2053 163 2131 lum
187 2054 327 2133 donum
359 2053 596 2147 intellestus,
631 2055 692 2133 sed
724 2059 864 2134 donum
891 2053 1009 2135 etiam

69 2149 271 2252 *sapientiae
295 2171 506 2235 concurrat:
532 2181 637 2249 cum,
662 2171 706 2234 ut
728 2159 805 2256 ium
820 2155 1008 2246 diximus,

80 2256 133 2334 ad
160 2256 234 2330 tale
269 2257 404 2334 vulnus
428 2259 569 2354 ignitus
603 2260 741 2335 amoris
766 2256 926 2334 ananus
950 2279 1011 2334 re·
1073 2293 1078 2309 =

78 2356 275 2455 quiratur,
312 2357 353 2434 vi
386 2359 494 2458 cujus
519 2359 645 2436 anima
669 2360 791 2436 Deum
817 2382 902 2453 cum
926 2355 1009 2435 sua·

76 2459 201 2537 vitate
237 2456 277 2535 δι
311 2457 440 2533 ardore
477 2459 678 2556 persentit:
720 2461 760 2536 id
801 2459 901 2556 quod
933 2457 1009 2535 fine

77 2561 183 2637 dono
206 2556 395 2661 sapientiae
418 2557 499 2635 fieri
524 2561 671 2657 nequit:
696 2562 745 2639 ad
769 2561 841 2637 hoc
866 2556 1009 2639 donum

78 2661 185 2738 euim
209 2660 369 2760 pertinet
405 2660 568 2759 saporem
601 2660 641 2740 δι
677 2656 1010 2761 inflammationem

80 2761 183 2839 eirca
209 2763 335 2861 divina
359 2762 560 2860 impertir13
587 2784 675 2839 cum
698 2763 749 2842 in'
773 2763 923 2841 letalem
952 2776 1012 2842 ta·

78 2886 172 2941 men
196 2865 334 2939 amoris
356 2864 576 2963 languorem
598 2863 713 2953 solum
737 2867 876 2942 donum
900 2862 1011 2941 intel·

78 2963 200 3043 letius
225 2963 375 3042 influat:
397 2965 437 3043 δι
462 2966 549 3051 hinc
574 2969 712 3044 amoris
723 2965 1010 3059 inflamatinnes.¹

79 3086 180 3245 guas
189 3065 244 3246 din
268 3066 332 3143 illo
350 3067 564 3171 contingere
581 3069 771 3164 diximus,
793 3068 833 3148 in
848 3066 920 3146 hoc
934 3090 1014 3153 non
1096 3114 1097 3118 κ

96 3188 188 3247 ucce
216 3178 296 3249 unt.

738 3470 747 3484 r
870 3394 964 3475 2241
1020 3397 1025 3404 ’
