2100 3870
10 39 111 180 rozo
129 39 460 182 mioi‘cooptacuis
472 39 667 161 fiism
569 110 644 161 non
676 84 769 163 absr-

10 207 95 262 nere
130 209 265 274 voces,
300 206 391 279 quas
416 198 492 260 tres
519 186 639 261 dileoii
663 176 769 263 disci·

10 301 235 363 ormontem
261 286 439 362 Thabor
430 308 469 361 rn
485 287 633 362 Domini
647 286 762 365 trans·

10 413 74 463 one
98 389 293 464 audierunt
319 386 347 481 (“
371 384 498 463 Maon
530 413 587 486 17.
615 413 647 462 v.
676 412 710 483 5.
743 390 766 486 >

28 488 125 588 filins
147 512 235 562 meus
258 486 399 574 nileffus,
434 491 469 563 io
501 511 565 582 quo
553 413 667 561 7miri
690 483 766 565 bene

10 592 40 666 rr'.
93 590 189 666 Cum
212 590 272 664 his
296 591 409 665 etiam
434 588 659 664 conveniunt
682 610 765 665 ver·

10 712 37 766 ae
62 705 163 767 totus
189 690 344 790 populus
368 691 543 777 inaudiit,
570 714 656 766 cum
690 690 766 767 Re·

25 793 172 869 Patrem
198 815 262 891 pro
284 792 412 889 gloriae
444 790 517 867 suae
556 790 766 867 manifesta·

10 908 236 992 eprecoretur
259 894 287 987 (
311 889 424 996 goar
454 918 509 968 12.
536 917 570 968 v
597 908 656 979 28.
669 892 766 990 )in·

10 994 136 1070 ·rPa
123 1009 171 1071 rer
205 994 347 1094 clarifico
372 1019 482 1068 nomen
505 1005 620 1069 tuum.¹
662 992 767 1069 Venit

10 1096 93 1171 rde
116 1093 214 1173 colo:
241 1094 294 1171 Er
325 1092 520 1195 clarifico-vi,
562 1092 603 1169 θ’
649 1097 767 1170 iterum

10 1199 187 1276 ontio
209 1198 294 1275 dein
317 1197 458 1273 ratione
478 1220 551 1271 non
565 1197 676 1271 modo
689 1218 767 1272 cae·

10 1322 62 1376 aec
86 1302 197 1376 verba
222 1299 371 1376 auribus
395 1297 683 1395 percipiuntur,
704 1295 767 1375 sed

10 1424 107 1479 ·eas
130 1403 408 1499 pronuntiantes
434 1398 537 1474 srmui
550 1398 666 1473 oculis
679 1422 767 1474 con·

10 1525 61 1579 ur.
115 1502 222 1579 Tales
247 1502 348 1576 fuere
374 1520 484 1575 voces
516 1498 768 1598 jubilationis,

10 1603 111 1699 ngeli
134 1601 335 1692 luminosi
326 1623 364 1677 ln
403 1599 655 1699 speciosrffimis
694 1598 768 1677 for·

10 1727 162 1781 nerem
186 1701 572 1779 circumvolitantes
542 1723 638 1778 circa
673 1718 768 1798 prae·

10 1804 302 1883 thlehemiticurn
328 1803 528 1879 identidem
553 1804 768 1901 repetebant

20 1934 55 1984 2.
82 1932 112 1981 rr.
147 1931 203 2000 14.
229 1922 258 2000 )
287 1901 403 1981 Gloria
429 1908 463 1981 r‘o
494 1904 649 2000 alfrffimis
677 1902 767 1990 Deo,
