2220 3870
144 148 449 298 purgationibus
482 162 524 250 in
550 189 712 296 genere.
854 117 941 283 52⁹7

65 328 231 417 uitium,
264 325 304 404 be
338 325 518 447 hoporem
558 326 805 403 attinentibus
837 327 943 405 dedi·
984 402 989 411 ,
1047 315 1050 320 ’

65 433 127 515 ndi
152 430 344 509 voluntate
369 425 547 505 confistat.
581 427 691 512 Dixi,
712 428 811 526 quod
820 450 942 527 prom-

82 534 166 612 haec
179 530 403 621 voluntasin
415 529 582 628 appetitu
595 527 760 608 senfitivo
779 528 960 623 dulcetus

95 635 245 712 suavem
302 634 477 708 roducere
503 629 605 729 poffit
633 628 838 721 effebum,
874 634 943 730 qui

65 739 167 816 votio
193 656 365 811 sensibilis
403 732 644 810 accidentalis
678 733 941 833 compellaturt

90 840 130 914 iu
161 836 368 936 privatione
405 833 517 932 hujus
543 833 752 911 devotionis
787 834 946 916 consistit

65 941 173 1018 iditas
198 937 365 1014 sensitiva
388 936 668 1035 purgationibus
701 934 821 1015 sensus
863 960 947 1038 pro·

65 1043 109 1135 ia.
161 1040 252 1118 Dixi
277 1038 416 1127 etiam,
442 1039 541 1133 quod
584 1055 728 1136 promta
754 1040 846 1114 haec'
878 1067 941 1118 vo·

65 1157 165 1234 utus,
189 1143 232 1220 in
254 1160 328 1238 qua
351 1152 433 1217 tota
443 1139 657 1223 'devotionis
680 1138 948 1234 substantiarum

65 1245 134 1324 ruta
166 1243 237 1331 est,
273 1242 361 1318 licet
398 1241 439 1317 in
467 1236 607 1318 sensum
637 1240 851 1325 nullatenus
886 1265 947 1320 re·
1028 1300 1031 1305 -

65 1348 183 1435 uidet,
208 1346 248 1420 in
283 1341 410 1443 spiritu
447 1356 575 1419 tamen
606 1344 806 1441 producere
842 1343 948 1442 poffit

65 1465 161 1526 ttam
204 1443 537 1535 refocillationem,
572 1467 618 1522 ac
655 1444 922 1522 recreationem
930 1500 970 1545 ,.

65 1573 107 1627 tae
133 1547 282 1627 devotio
306 1545 503 1645 spiritualis
528 1546 768 1624 accidentalis
800 1546 949 1631 dicitur.
1024 1622 1026 1626 ,

65 1653 124 1728 :in
142 1648 500 1750 privationeuitimae
514 1647 625 1748 hujus
640 1647 849 1734 devotionis
863 1673 953 1727 con·
1050 1652 1055 1663 “

65 1754 110 1832 ut
134 1751 289 1830 ariditas
332 1748 352 1824 s
372 1747 530 1847 iritualis
565 1750 776 1848 purgationi
801 1748 966 1849 spiritus¹

65 1855 178 1955 opria.
230 1771 539 1946 Quangoquidem
570 1851 696 1928 anima
717 1853 757 1927 in
781 1850 854 1929 hoc
879 1851 962 1936 stas.

65 2016 67 2028 ,
92 1953 286 2033 consistens
312 1964 459 2052 promta
484 1951 535 2027 est
558 1951 745 2033 adomnia
766 1976 833 2040 ea,
861 1973 977 2051 quae⁸¹

65 2059 96 2134 ei
133 2056 352 2144 servitium,
394 2052 434 2130 be
467 2052 680 2150 obsequium
702 2069 952 2151 concernunt„
1025 2084 1051 2145 n,

65 2183 93 2236 ec
115 2159 181 2241 ab-
202 2158 306 2234 omni
337 2150 418 2255 ejus
452 2154 587 2255 placito
613 2158 835 2252 exequendo
854 2156 950 2237 ulla·
1026 2222 1030 2237 .

65 2284 134 2338 nus
160 2258 195 2335 se
220 2257 401 2334 retardari
435 2257 585 2355 patitui.
638 2257 779 2334 Verum
804 2257 877 2335 hoc
888 2260 952 2358 ip·
1031 2331 1034 2341 ,

65 2388 103 2440 m
128 2362 268 2456 absque
288 2357 390 2435 omni
415 2355 535 2445 sensu,
561 2358 700 2454 absque
713 2359 773 2436 vel
795 2359 952 2443 minimo

65 2490 100 2541 tn
127 2460 305 2539 senfitivae
329 2456 580 2548 solummodo,
607 2456 666 2535 sed
691 2459 886 2558 spiritualis
907 2484 953 2560 ev

65 2590 120 2644 un
145 2562 262 2664 partis
294 2559 427 2651 illicio,
459 2559 536 2636 imo
561 2559 700 2637 multas
725 2562 822 2636 inter
845 2575 950 2639 tene·
1001 2624 1008 2635 .

65 2691 130 2755 as,
168 2662 405 2741 difficultates
431 2684 476 2738 ac
501 2662 765 2759 repugnantias
806 2663 952 2742 contiuo

67 2784 95 2847 t.
147 2766 221 2844 His
247 2765 343 2844 adde
368 2761 494 2838 reflexi
518 2761 670 2840 luminis
694 2764 953 2864 privationem,
1038 2830 1041 2837 .

65 2938 67 2947 t
97 2868 204 2969 cujus
234 2866 379 2956 anima,
407 2863 472 2942 etfi
512 2878 683 2965 operetur
713 2864 870 2957 bonum,
912 2867 953 2945 be

65 2970 191 3051 ficium
220 2968 323 3046 suum
349 2965 572 3066 adimpleat,
598 2968 637 3045 id
662 2966 873 3049 nullatenus
887 2969 954 3049 ad·

65 3075 163 3162 ertit,
195 3069 234 3148 ἃ
254 3068 319 3149 etfi
339 3071 418 3146 Deo
439 3068 596 3145 fideliter
622 3068 773 3160 serviat,
797 3069 958 3155 hennon

65 3172 239 3274 ignoscit:
267 3185 406 3267 quanta
429 3194 516 3247 cum
529 3170 958 3261 afflittionememonou

65 3274 226 3374 reginari
251 3272 315 3353 libi
340 3271 495 3369 potest„
519 3272 568 3373 in
599 3274 657 3351 rei
677 3273 790 3372 hujus
823 3270 957 3350 coniit-

65 3381 235 3475 ttionem
257 3372 412 3459 dicits.
451 3373 618 3476 Jomnee-
638 3398 663 3457 a
687 3375 829 3476 cruce,
855 3370 957 3495 quod
997 3419 1002 3426 -
1041 3408 1045 3413 ·
