2100 3870
73 193 211 325 arpotis
244 196 285 283 in
321 181 553 284 demoniaca
593 181 788 321 obfidione.
823 214 923 314 427

73 381 195 445 rumve
219 359 466 434 membrorum
493 358 701 448 doloribus,
727 356 787 433 vel
809 356 924 443 mole·

115 459 269 557 peiioris
304 461 480 556 angustiis
511 460 777 557 corripiantur,
803 459 857 533 ita
881 470 926 533 ut

73 571 87 635 ,’
102 582 191 643 mox
216 560 329 635 finem
353 562 441 636 vitae
455 559 585 637 instare
598 562 802 657 opinentur.
827 557 925 634 Cum

74 688 99 736 n
126 676 272 760 tempus
297 663 367 759 piis
393 661 452 736 his
477 661 801 738 exercitationibus
833 680 928 758 prae-

73 786 131 839 tm
156 761 343 860 praeteriit,
369 764 494 839 omnia
519 761 756 850 evanescunt,
778 760 926 858 illaeque

83 865 302 962 primaevum
327 865 430 940 suum
456 865 589 941 statum
614 876 856 941 revertuntur.
885 862 926 941 S.

77 967 145 1039 riae
178 964 408 1062 Magdalenae
446 967 492 1041 de
523 964 653 1041 Pazzis
679 962 927 1043 saniiillrmam

73 1066 282 1142 clraristiam
311 1067 483 1143 sumturae
508 1069 656 1143 daemon
685 1062 790 1164 supra
823 1088 926 1143 com·

73 1167 203 1243 mionis
228 1167 453 1265 fenestellam
477 1168 665 1285 apparuit,
690 1167 830 1244 nudato
847 1168 927 1265 gla-
989 1218 993 1225 -

73 1305 76 1333 ·
100 1282 257 1344 mortem
284 1270 488 1357 minitatus,
514 1269 541 1344 lt
566 1267 778 1351 adsacrum
802 1268 926 1346 cibum

75 1370 262 1467 ipiendum'
279 1374 490 1447 accederet:
517 1394 586 1447 nec
618 1392 746 1469 parurn
783 1371 926 1466 negotii
987 1428 990 1433 ·

73 1471 182 1546 eitori
208 1470 422 1562 lambebat,
446 1471 558 1568 usque
583 1473 672 1548 dum
697 1473 852 1547 eumad
870 1472 927 1547 in·

73 1572 121 1658 ia,
147 1571 187 1647 δι
210 1597 307 1649 vana
330 1572 394 1649 illa
432 1573 729 1649 terriculamenta
760 1570 928 1672 spernep·
992 1580 1002 1591 ’“

94 1675 284 1750 animaret.
337 1675 469 1750 lllariae
494 1674 614 1764 Veios,
639 1684 748 1773 prout
782 1674 823 1751 P.
854 1674 926 1751 Mi·

74 1775 123 1847 ael
147 1776 331 1850 Gonzalez
365 1776 404 1851 in
431 1775 511 1874 ejus
536 1776 613 1852 vita
639 1790 926 1865 commemorat,

73 1874 181 1951 bolos
229 1877 500 1956 communionis
547 1889 711 1977 tempore
754 1879 927 1955 maxillas

73 1995 96 2047 n
120 1977 215 2053 arile
247 1976 482 2064 constrinxit,
509 1980 676 2075 utnulla
700 1979 863 2069 humana
887 1980 926 2057 vi

74 2077 147 2152 eriri
172 2078 321 2176 pollent.
373 2079 492 2155 Alteri
516 2080 667 2156 moniali
692 2080 732 2157 in
757 2078 823 2156 tali
857 2080 927 2158 sta·

78 2178 276 2256 constitutae
288 2205 362 2255 non
370 2182 481 2256 modo
492 2194 677 2258 armatum
688 2180 887 2281 videndum
896 2181 932 2260 se

73 2281 192 2369 ebuit‚'
216 2280 274 2357 sed
299 2282 414 2358 etiam
439 2296 526 2358 ante
550 2281 772 2358 fenestellam
785 2285 929 2379 voragi·
958 2332 966 2349 .

73 2378 105 2455 b
140 2384 236 2479 ignis
270 2385 316 2458 ob
350 2384 478 2465 oculos
503 2382 619 2480 posuit
644 2405 730 2459 cum
754 2382 930 2460 vivaciffi'·

73 2498 84 2551 ι
117 2483 404 2579 imaginatione,
439 2486 538 2578 quod
574 2480 674 2583 lapsu
706 2484 931 2583 irreparabili

73 2600 106 2655 rc
130 2586 373 2661 decidendum
399 2583 502 2674 silet,
528 2584 554 2660 sr
585 2588 633 2662 ad
657 2608 791 2685 panem
816 2608 929 2684 ange-

74 2700 129 2759 um
155 2686 370 2763 sumendum
395 2687 616 2784 procederet.
669 2686 795 2765 Citata
809 2689 930 2767 illaria

73 2786 222 2877 ucifixa,
252 2791 342 2863 dum
367 2789 480 2864 etiam
500 2790 539 2864 in
563 2789 756 2888 purgativo
780 2789 930 2868 hocsta‘

88 2904 163 2965 erat
188 2888 364 2989 reposita,
390 2890 702 2990 appropinquante
725 2893 931 2969 communi·

74 2983 98 3062 is
121 2990 414 3081 hora‚omnibus
440 2992 616 3069 membris
639 3004 759 3091 capta,
783 2989 930 3071 &mar-

73 3110 153 3168 rreae
179 3093 290 3169 instar
316 3092 443 3169 statuae
468 3095 616 3191 penitus
628 3092 826 3169 immobili-s
850 3094 930 3170 hae-

73 3206 129 3269 rat.
197 3193 328 3270 lVlultae
363 3195 477 3270 etiam
500 3194 585 3272 aliae
608 3193 762 3271 insolitae
789 3193 929 3271 violen-

73 3294 166 3371 eilli
205 3297 496 3391 contingebant:
531 3297 745 3373 cumcuim
782 3306 932 3391 tempus

73 3398 240 3481 tunsum
272 3396 383 3479 sacrae
421 3397 690 3519 communioni,
706 3392 926 3579 dubuaapum
