2220 3870
132 176 229 268 '490
247 142 316 241 Tr·
355 136 408 244 Va
446 142 549 276 cap.
575 141 683 241 XII.
708 137 889 239 Tertium
908 170 1054 281 purga.
1089 138 1097 313 Ι

134 315 325 394 tat-furem
348 308 580 409 sacrilegum,
604 311 645 389 &
666 334 790 388 retum
815 310 1053 401 facturumu-

35 404 42 425 ’
130 417 375 515 surpatorem,
400 417 512 492 modo
542 428 585 491 ut
608 412 855 495 fimularorem
888 418 1053 515 prodigit

130 518 353 614 fingentem,
378 517 488 592 modo
523 528 566 592 ut
594 514 681 594 boni
707 514 845 611 publici
869 516 1054 595 insidiato·
1094 510 1097 525 '

123 643 235 706 rem,
260 617 299 694 bt
326 617 538 693 nationibus
567 616 720 712 integris
744 616 953 703 horrendas
972 620 1052 697 stra·
1094 634 1099 741 Ι

128 742 198 819 ges
228 719 528 809 machinantem
561 719 637 794 imo
663 717 702 795 &
727 714 888 813 legimus
926 721 983 798 ibi
1008 722 1052 797 ci·

128 822 270 900 vitatos
301 834 428 897 contra
451 817 574 916 ipsum
598 817 888 910 tumultuantes
927 823 971 900 δι
997 847 1053 921 po·

127 922 249 1122 tlh
263 921 434 1099 ltili
450 920 1053 1120 ³l2l¹¹⁵plbhbl⁰l⁰¹lgtbl

130 1136 260 1224 utpote
286 1125 346 1199 cui
371 1123 489 1199 multo
510 1123 615 1223 plura
640 1125 687 1200 ab
711 1122 931 1200 hominibus
945 1149 1051 1223 quam

121 1246 156 1304 -ι
180 1224 649 1303 daemonibus'exautlanda
671 1223 840 1301 fuerunt:
866 1246 962 1303 nam
977 1251 1051 1326 pro·

118 1340 174 1405 ut
199 1326 280 1427 ejus
302 1327 380 1403 vita
409 1325 573 1421 pluribus
597 1326 637 1401 in
662 1325 755 1409 locis
774 1342 1050 1419 commemorat,

129 1450 257 1505 eoram
280 1426 524 1503 tribunalibus
549 1426 620 1502 fuit
644 1423 742 1503 falls
767 1427 984 1526 imposturis
998 1454 1052 1507 ac·
1091 1450 1096 1547 Ι

119 1528 299 1615 -culatus,
336 1542 379 1605 ut
406 1526 603 1611 haereticus
628 1528 668 1604 in
692 1525 752 1624 jus
793 1544 976 1622 vocatus,
1007 1530 1050 1609 ad
1092 1560 1099 1613 ι

128 1627 379 1726 ignominosos·
401 1623 529 1705 ferulae
552 1629 646 1703 illus
671 1628 969 1719 condemnatus,
1007 1632 1050 1711 ad

128 1741 288 1808 mortem
313 1728 466 1809 fustibus
491 1730 710 1814 multtatus,
734 1749 757 1804 a
782 1727 925 1807 sicariis
945 1734 1048 1828 prurio
1092 1782 1097 1809 ι

123 1830 225 1910 ferro
252 1829 421 1912 invasus,
449 1834 495 1906 ab
521 1831 645 1927 impiis
669 1830 812 1918 irrisus,
834 1829 1048 1911 &ludibrio
1085 1828 1093 1955 Ι

124 1931 294 2009 habitus.
341 1929 444 2005 Idem
470 1932 516 2017 de
542 1931 581 2006 S.
607 1931 747 2030 joanne
769 1929 1047 2033 FranciscoRe:
1082 1980 1110 2022 Ι

124 2034 186 2131 gis
212 2030 431 2109 Miffionario
457 2030 651 2128 apostolico
682 2031 756 2107 dici
781 2030 919 2131 pollet,
946 2050 1047 2134 utpo-
1103 2033 1110 2121 Ῐ

127 2146 168 2212 te
203 2133 286 2230 qui,
331 2132 411 2209 vita
443 2133 524 2231 ejus
564 2133 691 2208 multis
733 2134 772 2207 in
803 2133 901 2211 locis
941 2135 1045 2226 telle,
1098 2196 1110 2223 .

121 2234 258 2335 saepius
285 2233 382 2311 ferro
402 2235 613 2330 euaginato.
629 2233 841 2330 impetitus,
878 2235 1045 2334 frequen·
1076 2262 1110 2325 ·,

127 2350 187 2415 ter
212 2335 377 2436 colaphis
403 2335 538 2422 caesus,
577 2335 767 2411 multoties
788 2333 950 2415 fustibus
988 2364 1045 2415 ex·
1073 2300 1078 2451 Ι

122 2454 257 2536 ceptus
285 2461 330 2514 ac
355 2437 589 2522 verberatus,
616 2435 656 2511 δι
681 2436 952 2533 compluriesla
973 2464 1046 2517 ma·
1074 2458 1110 2526 ι,

125 2562 211 2636 gnae
237 2537 350 2613 etiam
374 2537 568 2634 probitatis
600 2535 760 2633 personis
798 2537 972 2635 injuriiS,
988 2541 1046 2619 ’ἃ
1074 2532 1077 2633 ἱ
1103 2616 1107 2625 ⁴

123 2638 419 2718 infestationibus
440 2636 619 2713 laceffitus
644 2637 726 2713 fuit.
751 2637 1046 2743 Omniumlptae·
1075 2706 1078 2725 ,
1104 2673 1110 2728 ι

123 2737 373 2826 clariffimum,
405 2738 444 2815 bt
466 2759 577 2834 quam
602 2739 776 2813 maximae
806 2744 1045 2823 authoritatis
1074 2732 1079 2815 ἶ
1108 2799 1110 2805 2

123 2839 336 2936 exemplum
361 2854 486 2915 autem
514 2839 684 2934 gentium
716 2838 918 2938 Apostolus
948 2846 992 2921 in
1013 2842 1044 2921 le
1076 2846 1078 2851 ’

126 2938 201 3040 ipso
230 2938 336 3015 nobis
372 2941 545 3028 exhibet,
572 2942 660 3016 dum
682 2939 818 3030 refert,
840 2946 1046 3038 quotiesah
1108 3006 1110 3029 .

124 3041 337 3120 hominibus
359 3040 541 3138 lapidibus
573 3043 785 3138 impetitus,
814 3048 967 3138 quoties
986 3046 1046 3123 fla·

124 3141 202 3242 gris
226 3141 265 3219 δι
289 3142 403 3237 virgis
429 3143 543 3217 caesus
569 3143 633 3227 fit,
659 3141 698 3218 ὅ(
722 3143 811 3217 dum
848 3146 1045 3246 colaphos.

124 3244 165 3323 ἃ
188 3268 263 3321 nou
299 3243 423 3323 minus
455 3243 605 3325 acerbas
638 3243 849 3340 linguarum
888 3272 1044 3347 venena·
1076 3268 1079 3337 ζ

113 3356 249 3427 ..tantm
272 3343 865 3448 maleditliooesacblalphemias,
880 3364 1041 3529 enarath
1076 3356 1107 3426 ³,
