2220 3870
220 160 398 303 piassica
425 188 501 301 pro
535 157 743 263 diresiore,
904 182 982 293 383

63 343 126 439 56.
209 337 224 413 i
253 334 444 434 remeius
467 333 612 431 generis
637 337 790 415 ariditas
816 335 922 427 soret,
940 351 986 421 ut
1030 351 1047 397 s

142 338 208 580 S
235 436 365 514 misera
387 436 512 512 anima
538 461 592 522 ne,
604 439 821 517 benevolam
832 441 988 537 quidem

236 540 333 616 hanc
356 562 442 635 erga
463 540 584 613 Deum
619 543 862 618 attentionem
894 567 985 621 con·
1087 558 1089 564 ’

62 643 209 722 servare
235 640 366 740 posset,
397 641 485 735 quid
509 640 562 714 isli
583 654 672 716 tunc
692 639 905 739 agendum?
924 644 985 724 En

62 744 155 844 quid
184 741 399 841 eidem'pro
417 742 489 817 hoc
509 765 631 816 rerum
660 745 815 821 articulo
847 768 985 825 conve*
1088 744 1089 749 ’

49 846 166 925 aiat!
202 845 252 922 ad
281 845 353 920 Dei
384 844 617 918 voluntatem
653 843 693 919 in
718 846 783 921 illa
809 847 983 927 tenibilis

62 946 196 1048 gratiae
222 944 455 1022 subdusiione
475 947 529 1020 ita
556 943 590 1018 se
618 945 899 1036 conformet,ut
915 973 983 1048 pa·

63 1062 186 1129 ratam
210 1049 326 1123 etiam
339 1045 409 1121 sese
431 1048 605 1122 exhibeat
617 1047 666 1123 ad
679 1046 984 1143 perseverandum

63 1150 138 1229 stne
157 1147 234 1223 uilo
262 1147 436 1224 solamine
459 1148 570 1243 usque
597 1149 646 1224 ad
665 1159 845 1238 mortem,
873 1150 898 1226 st
927 1154 984 1231 ita

62 1253 100 1330 ei
122 1250 302 1351 placitum
320 1250 436 1325 soret:
464 1248 770 1344 cognoscatsuam
787 1250 984 1346 miseriam,

61 1353 249 1451 deprimat
282 1350 344 1438 se,
389 1351 579 1426 exinaniat
617 1349 653 1425 se
680 1373 806 1428 coram
831 1353 984 1432 Domini

61 1453 275 1554 majestate,
305 1451 455 1529 &forti
485 1476 570 1526 cum
601 1450 661 1550 spe
694 1476 738 1528 ac
766 1452 872 1531 firma
895 1474 983 1534 cum

61 1556 200 1633 fiducia
234 1556 314 1630 Deo
346 1552 380 1628 se
403 1553 613 1630 committat
636 1553 772 1643 scienS,
787 1556 1009 1651 quodam-³

60 1673 166 1746 mas,
192 1677 277 1753 quae
301 1655 437 1730 sincero
466 1658 625 1730 eundem
654 1657 764 1732 corde
779 1671 980 1753 -quaerunt,

59 1779 255 1853 nunquam
282 1758 399 1856 perire
435 1758 608 1856 patiatur.
670 1757 712 1834 Si
743 1758 1008 1839 haecomnia.
1074 1824 1076 1828 .

61 1859 254 1962 petasius
284 1857 463 1934 sensibiles
497 1861 666 1934 evincere
695 1873 871 1956 nequeat,
893 1864 982 1937 exe*-

65 1976 202 2060 quatur
223 1985 266 2036 ea
287 1959 414 2037 saltem
433 1983 498 2058 per
509 1962 650 2049 nudos,
669 1959 833 2038 &siccos
850 1961 981 2040 volun·

63 2064 157 2141 tatis
192 2063 322 2151 atius,
355 2063 445 2157 qui,
477 2080 615 2156 quanto
636 2063 744 2138 nobis
770 2063 894 2139 minus
915 2065 982 2140 de·

62 2165 250 2242 Instabiles
281 2163 381 2251 sunt,
410 2175 515 2239 tanto
536 2164 716 2258 gratiores
739 2163 911 2240 Decesse
927 2163 982 2242 so·

63 2268 157 2346 lent.
208 2267 251 2341 Si
276 2266 459 2363 paenitens
486 2264 611 2351 dicat,
644 2263 714 2339 sese
745 2265 842 2341 tales
877 2266 982 2343 astus

63 2392 129 2446 ore
154 2368 323 2463 quidem,
352 2366 563 2441 nullatenus
596 2368 706 2441 corde
732 2366 888 2455 elicere,
925 2387 984 2442 re·

61 2471 240 2570 spondeat
276 2466 335 2557 ei,
378 2482 421 2543 ut
457 2467 631 2564 deinceps
661 2467 800 2556 ‚eadem
841 2467 986 2545 ratione

62 2575 253 2668 duntaxat
272 2570 414 2669 operari
444 2563 646 2666 pergattsr
674 2590 737 2642 cor
776 2567 876 2643 enim
906 2567 986 2645 sen·

62 2672 227 2770 sibilibus
257 2672 330 2746 suis
355 2668 543 2746 affesiibus
569 2669 655 2744 sono
680 2669 822 2766 singuae
840 2695 914 2746 non
927 2692 988 2747 re·

60 2773 260 2874 spondeat,
293 2787 392 2848 certe
419 2786 546 2848 tamen
580 2771 753 2848 voluntas
773 2770 984 2851 insensibili·

61 2877 136 2953 bus
161 2873 234 2950 suis
269 2875 408 2950 astibus
445 2873 568 2949 eidem
596 2873 808 2973 respondet3
846 2872 893 2950 ἀ·
909 2875 983 2953 hoc
1059 2887 1062 2894 ’

61 2974 205 3053 sufficit.
256 2976 411 3064 Paucis,
432 3000 508 3051 non
544 2973 698 3074 superest
721 2975 927 3061 excusatio,
943 2974 983 3055 vs
1084 3052 1086 3056 .

61 3077 172 3177 cujus
199 3101 221 3153 a
253 3076 453 3152 ianitorum
485 3077 619 3153 horum
657 3076 697 3154 sit
737 3077 984 3176 proficuorum

60 3181 213 3260 asinum
244 3179 508 3254 exercitatione
535 3177 606 3252 sese
637 3179 799 3254 eximere
829 3178 984 3278 possunn

59 3282 151 3380 quia
188 3277 289 3356 Deus
315 3281 419 3377 juxta
445 3277 607 3375 superius
645 3281 830 3357 declarata
855 3281 895 3356 in
911 3281 984 3357 ari·

58 3382 265 3477 (sitatibus,
294 3379 985 3584 qualescunqueiilae-deinsntbstem·
