2220 3870
119 211 120 214 ¹
225 166 528 315 purgationibus
557 181 601 268 in
630 196 835 311 genere.'
936 209 1005 290 515
1079 192 1082 199 ’

80 367 164 442 155.
188 343 378 509 Verum
402 368 488 421 cunr
515 345 755 441 nihilominus
781 367 857 422 non
886 349 1005 423 nemi·

229 512 231 515 .
299 447 480 534 nimirum
492 447 608 525 videri
632 445 756 544 pollet,
768 448 867 543 quod
879 449 1006 527 anima

76 547 156 651 post
189 551 406 626 exantlatas.
437 558 495 625 tot
539 549 821 639 tribulationes,
865 549 904 626 dc
944 565 1004 628 tot

78 651 285 735 cruciatus,
312 651 440 746 quales
467 648 708 750 superioribus
733 651 916 749 capitibus
938 654 1004 729 de·

72 751 299 852 scripfimus,
326 751 457 851 majori
482 767 609 833 tamen
639 751 852 828 adhucdum
868 777 1003 855 purga·

77 854 180 931 tione
204 854 391 951 indigerit,
416 853 630 953 praejudicia
655 853 717 927 bic
744 854 924 952 explicari
939 882 1007 941 nes

75 955 168 1032 celle
193 955 267 1045 est,
293 977 377 1052 qnae
394 956 577 1054 ejusmodi
594 955 789 1031 animabus
808 957 930 1033 adhuc
946 959 1004 1035 in·

72 1057 241 1146 haerent,
266 1055 305 1134 dt
331 1059 515 1155 pradiaae
537 1055 706 1157 perfetta
731 1058 869 1132 amoris
894 1061 1001 1135 unio-

73 1160 126 1257 ni
142 1159 409 1258 impedimento
434 1157 527 1239 sunt.
579 1157 705 1235 Primo
728 1177 923 1242 remanent
960 1163 1002 1239 in

74 1262 133 1339 eis
158 1261 324 1339 habitus
343 1260 555 1359 imperfeiii,
578 1259 841 1339 inclinationes
863 1261 1003 1339 inordi4

73 1375 190 1461 nattes,
215 1361 254 1443 ὅ(
280 1362 418 1440 veteris
442 1361 605 1453 hominis
630 1362 788 1439 maculae
813 1386 888 1463 non
913 1362 1001 1441 satis
1074 1368 1077 1372 ’

73 1464 296 1542 eradicatae:
323 1477 517 1543 remanent
541 1463 581 1549 in
604 1462 660 1539 eis
683 1464 798 1539 etiam
814 1463 1001 1562 >palliones

72 1587 143 1667 per
164 1565 350 1664 primam,
375 1578 418 1640 ut
441 1565 552 1664 paulo
577 1579 666 1641 aute
690 1564 787 1651 di-xi,
813 1568 1003 1663 purgatio·

70 1690 164 1747 nem
188 1691 264 1746 non
288 1664 505 1743 sufficienter
529 1666 705 1743 edomitae
715 1689 806 1743 :nec
818 1669 1002 1758 convenit,

72 1783 122 1849 ut
148 1769 274 1847 anima
299 1792 383 1845 cum
407 1768 471 1845 his
496 1767 843 1845 diliimllitudinibus
869 1768 950 1845 Deo
959 1794 1003 1848 a·

71 1872 150 1949 deo
182 1870 474 1970 appropinquet,
507 1881 551 1945 ut
586 1892 661 1945 una
686 1871 890 1966 eademque
914 1895 1002 1949 curn

69 1972 141 2055 illo
162 1994 222 2048 res
245 1969 435 2048 efficiatur.
474 1971 646 2047 Secundo
671 1969 793 2051 insunt
817 1972 1001 2071 ejusmodi

72 2073 248 2178 perionis¹
261 2072 370 2150 multi
395 2071 518 2150 adhuc
543 2069 706 2149 defeiius
739 2071 879 2172 spiritui
917 2098 1002 2172 pro·

72 2176 147 2281 p'rii
172 2188 252 2255 tam
274 2174 464 2251 naturales
500 2194 612 2271 quam
638 2173 821 2263 morulae,
847 2175 911 2270 qui
936 2199 1003 2274 per

69 2277 236 2380 primam
259 2276 516 2376 purgationem
541 2274 701 2351 necdum
725 2274 829 2351 fuere
852 2275 1002 2355 sublati:

72 2404 126 2457 ex
150 2384 255 2479 parte
278 2376 485 2453 intellectus
510 2377 554 2452 E.
579 2399 615 2473 g.
640 2378 752 2454 datur
776 2388 877 2453 certa
896 2400 1001 2455 men·

74 2481 130 2559 tis
156 2481 352 2577 evagatio,
366 2477 523 2576 viculus
548 2476 707 2553 faciliter
732 2477 851 2554 aDeo
864 2477 1001 2557 abstra-

75 2583 203 2671 hitur,
238 2579 277 2658 dt
314 2579 355 2655 iu
389 2579 568 2655 creaturis
601 2578 802 2677 diffipatur:
830 2580 1003 2661 daturin

71 2708 125 2785 eo
150 2684 266 2759 etiam
290 2682 421 2759 innata
445 2679 616 2777 quaedam
642 2681 804 2766 caecitas,
830 2682 870 2756 vi
894 2683 1002 2781 cujus

70 2785 117 2865 -iu
143 2783 365 2873 visionibus,
387 2782 654 2872 locutionibus,
678 2781 718 2858 ἃ
735 2780 937 2880 prophetiis
946 2787 1005 2863 io·

74 2901 190 2966 caute
215 2885 250 2962 se
266 2886 396 2986 ,decipi
421 2886 578 2986 patitur,
596 2906 641 2960 ac
666 2883 780 2982 prona
805 2883 857 2961 est
881 2887 1005 2962 adve-

74 3012 162 3068 rurn
187 3010 254 3088 pro
291 2986 406 3076 fallo,
444 2985 575 3065 falsum
600 3007 666 3085 pro
692 3006 781 3062 vero
812 2983 1011 3084 suspicion-r
1039 2982 1043 2994 '

74 3093 192 3177 dum,
218 3111 263 3166 ac
286 3087 537 3188 judicandum.
589 3088 649 3164 Ex
674 3098 777 3186 parte
801 3087 1005 3167 voluntatis
1064 3086 1067 3093 ’

75 3189 234 3292 superest
258 3190 398 3266 multus
424 3191 546 3267 adhuc
571 3210 677 3266 amor
701 3188 879 3286 proprius,
896 3189 1014 3270 &nis

76 3297 157 3374 mia
176 3291 340 3375 adhaefio
365 3293 413 3369 ad
436 3293 577 3388 gratias
602 3290 895 3388 ac·gustationes
923 3293 1002 3391 Dei:

76 3396 120 3477 δι
145 3396 253 3497 quod,
270 3392 395 3494 peius,
419 3391 766 3575 supffiffiquaedm
774 3391 1007 3576 compluticpn·
