2220 3870
110 195 191 284 532
274 158 341 257 Tr·
361 80 366 89 ἰ
388 151 440 257 V.
465 158 569 292 Cap.
602 152 737 251 XVI.
772 128 971 285 Remedia

113 336 273 415 &oribus
300 328 457 427 reperire
490 326 614 429 potui:
649 348 724 403 una
757 338 889 425 aeque3
916 328 1039 407 acal·

110 453 213 526 tera,
239 448 282 511 ut
303 453 413 519 nemo
439 454 513 504 non
539 428 660 519 videt,
685 426 874 529 perficitur
896 454 1040 532 perpu-

110 539 284 621 rillimum
311 532 635 630 contemplationis
670 530 822 621 lumen,
841 536 952 628 quod
977 535 1042 611 diu

110 644 263 741 quidem
286 634 496 721 excruciat,
520 647 560 709 at
582 634 735 709 tandem
760 636 946 731 gaudium
988 636 1041 715 af·

110 744 195 825 fert.
250 739 305 813 De
331 737 474 811 duabus
500 735 561 809 his
577 736 859 833 purgationibus
870 758 942 834 per
953 736 1042 815 Tm.

110 847 230 923 tintus
254 838 366 938 hujus
392 834 574 912 residuum
601 834 948 931 sermocinabimur,
987 840 1042 917 ef·

106 947 225 1027 fertus
251 963 379 1019 earum
406 962 480 1013 non
506 938 653 1027 minus,
685 960 798 1035 quam
834 940 1042 1040 proprieta.

107 1062 167 1128 tes
193 1041 423 1121 declaraturi.
471 1040 598 1117 Primo
624 1039 934 1141 pertraliabimus
960 1066 1045 1144 pur-

106 1150 316 1251 gationem,
334 1166 408 1241 qua
422 1140 817 1244 spiritnsS.-]oannisa
834 1144 1045 1225 Crnoefuit

108 1250 315 1350 expolitus,
340 1245 379 1322 δι
407 1244 495 1321 dein
520 1245 700 1329 alteram,
718 1243 989 1343 quaelpiriturn
1000 1250 1039 1327 S.

106 1349 287 1433 Tlreresrae
321 1346 578 1446 perpurgavit:
605 1346 735 1447 primae
753 1360 885 1423 tamen
894 1350 1037 1428 diutius

105 1451 405 1536 immorabimur:
425 1496 428 1503 ·
451 1447 628 1543 srquidem
654 1446 850 1524 intellectis
878 1452 1036 1547 qualia.

105 1558 206 1634 tibus
231 1554 361 1640 unius,
388 1549 543 1626 alterius
568 1567 720 1648 quoque
738 1550 948 1648 qualitates
963 1553 1033 1656 jam

103 1655 203 1757 quali
228 1653 427 1731 declaratae
449 1651 543 1730 sunt.
585 1690 588 1697 ·
670 1698 673 1705 -
949 1684 978 1721 ·.

57 1952 68 1983 X
107 1863 195 1938 roda
215 1854 404 2011 Verum
430 1867 473 1932 ut
498 1855 538 1931 in
563 1855 635 1955 iis,
662 1800 747 1950 tluae
766 1804 1033 1948 dicendarum,

324 1982 410 2034 cum
437 1958 539 2032 omni
563 1959 684 2053 rigore
709 1953 942 2036 scholastico*
957 1984 1035 2060 pro·
1068 1972 1073 2041 l

102 2062 334 2162 gradiamur,
359 2061 586 2159 praemittam
614 2060 732 2156 primo
763 2058 1032 2139 documentum
1070 2082 1073 2087 ·

100 2163 288 2261 quoddam
315 2158 487 2259 Angelici
511 2160 539 2255 (
562 2186 596 2238 2.
616 2185 651 2237 2.
678 2161 785 2259 quest.
809 2166 1030 2265 sacrepi

98 2265 139 2344 in
165 2287 238 2362 quo
262 2277 419 2361 utraque
444 2263 539 2339 dista
564 2262 735 2359 purgatio
758 2261 964 2343 fundatur:
996 2264 1031 2345 dr
1068 2284 1071 2315 ¹

97 2371 198 2466 quod
233 2367 400 2442 omnium
443 2363 737 2459 subsequentium
779 2365 1030 2447 doctrinarum
1066 2322 1071 2499 1

96 2469 191 2548 basis
216 2466 328 2564 quasi,
355 2490 399 2543 ac
424 2465 710 2542 fundamentum
734 2466 816 2542 erit.
872 2469 1028 2547 Santiua

94 2568 157 2646 hic
183 2573 312 2656 docet,
338 2570 437 2664 quod
463 2568 613 2643 devotio
640 2590 688 2641 ex
713 2563 748 2643 se
773 2565 853 2664 ipsa
878 2593 1028 2672 acprae⁴

76 2671 202 2768 -cipue
227 2670 397 2746 laetitiam
425 2694 470 2746 ac
482 2671 660 2767 gaudium
687 2668 725 2743 in
752 2667 882 2769 spiritu
893 2674 1026 2771 produ·

93 2785 177 2856 oet,
200 2794 266 2869 per
291 2773 465 2849 accidens
490 2786 618 2847 tamen
642 2769 826 2847 tristitiam
852 2796 900 2851 ac
926 2776 1025 2852 dolo·

89 2894 170 2950 rem
209 2874 361 2972 gignere
386 2874 507 2973 poffit:
546 2870 691 2947 Devotio
713 2898 772 2971 per
801 2872 844 2969 se
882 2878 1022 2970 quiden,

91 2972 134 3052 Θ
178 2976 404 3071 principaliter
454 2970 665 3072 spiritualem
706 2977 822 3049 meniis
873 2974 1024 3055 lutitiae

87 3074 226 3172 confide
268 3100 312 3148 ex
340 3064 765 3174 consequentiarum&
790 3100 852 3170 per
878 3080 1024 3156 accidens

86 3176 201 3273 canstat
220 3179 396 3277 tristitiom.
450 3177 759 3273 Quandoquidem
782 3177 850 3254 lux
874 3178 1024 3259 devoti?

85 3281 169 3354 onis
210 3302 258 3352 ex
287 3278 425 3377 duplici
450 3280 572 3377 eapite
614 3280 701 3354 oriri
728 3278 866 3378 potest:
904 3284 1021 3382 primo

85 3402 135 3457 ex
158 3376 353 3481 propofita,
377 3380 418 3460 dt
442 3383 582 3460 anima
606 3376 796 3483 applicita
819 3382 896 3463 Dei
921 3385 1021 3465 boul·
