2220 3870
190 182 193 193 ·
225 118 402 223 audium
448 116 674 263 obsiffio
637 116 835 225 monia
930 153 1029 258 '405

105 291 340 391 oppositurus
375 292 469 373 mihi
500 292 554 385 stt
588 250 800 394 exemplum
840 292 1029 374 variarum

103 394 365 495 personarum,
391 417 475 492 quae
508 397 740 493 neutiquam
765 395 882 496 culpis
914 394 1029 473 obrid·

104 498 194 583 xiae,
220 497 296 572 sed
305 498 454 589 sanitae,
492 495 532 575 &
556 511 730 575 tamena
756 502 925 575 daemone
950 496 1029 596 pol

102 596 223 688 sellae,
245 597 285 680 δι
303 599 435 677 misere
465 601 688 676 excruciatae
707 599 874 687 fuerunt:
910 601 1028 696 ἃς.

102 700 295 778 Abbatem
319 700 525 802 Moyseo(
555 698 642 801 Caff.
667 701 773 783 collut.
747 714 836 802 t.7
862 724 895 777 c.
921 725 981 800 27.
1007 701 1027 797 )

102 801 172 898 qui
205 803 245 876 in
281 799 458 902 spirituali
491 803 653 901 quadam
684 802 901 892 collatione,
939 824 1029 907 cum

102 904 254 981 Abbate
282 906 447 992 Macario
469 905 653 1079 inllistuta,
679 903 887 982 adaemone
907 898 1030 987 corre.-

103 1018 211 1103 ptus‚
239 1003 343 1082 &s
301 1030 424 1105 apere
448 1031 494 1082 eo
520 1032 545 1083 u
546 1004 630 1102 sque
655 1006 832 1083 trailatbs
857 1004 946 1092 mit,
984 1016 1029 1081 ut

101 1107 321 1185 immundus
347 1107 492 1206 spiritus
510 1132 597 1183 eum
610 1107 764 1185 stercore
776 1107 941 1183 humano
954 1104 1027 1181 lese

99 1208 226 1285 cibare
252 1223 419 1306 cogeret:
445 1208 484 1287 δι
508 1210 609 1308 piam
630 1234 676 1295 ac
699 1209 904 1307 religiotam
947 1231 1029 1285 mo·

98 1309 261 1400 nialem,
287 1314 334 1388 de
359 1311 509 1409 quas.
526 1312 726 1407 Gregorius
750 1306 870 1405 (Lib
903 1334 934 1384 1.
957 1306 1026 1393 Da

98 1412 194 1507 alog.
212 1430 345 1512 ’cap.4
347 1413 730 1513 .,)commemorat
768 1410 901 1509 quod
891 1432 930 1503 m
957 1411 1024 1485 do·

96 1512 251 1593 mestico
276 1514 385 1592 horto
410 1514 591 1591 latiucam
617 1514 817 1590 comedens
842 1535 928 1588 cum
943 1535 1025 1593 mo·

97 1615 187 1691 dico
224 1615 289 1693 illo
315 1618 399 1694 cibo
424 1617 633 1693 daemonem
659 1615 874 1712 deglutivit.
918 1612 1024 1705 Idem
1071 1642 1073 1647 ·

96 1713 287 1797 Abbatem
326 1717 582 1796 Alexandrum
609 1715 637 1833 (
674 1714 914 1794 Rosweidas
899 1740 934 1792 m
960 1717 1023 1803 vit

97 1813 157 1893 S.
178 1815 284 1896 Patr.
336 1815 447 1895 Lib..
471 1842 530 1897 ιο.
555 1841 628 1917 cop.
671 1845 733 1916 32.
759 1820 788 1918 )
825 1817 888 1914 qui
923 1816 1022 1913 circa

97 1919 191 2003 vitae
215 1918 289 1996 suae
313 1918 426 1996 finem
452 1943 539 1997 cum
562 1920 848 2008 monachorum,
886 1919 1021 2016 quibus
1063 1980 1066 1985 .

96 2042 237 2118 magna
263 2019 343 2120 ejus
369 2021 489 2120 pietas
512 2022 672 2121 perbene
704 2021 884 2121 perspeiia
919 2033 1021 2114 erat,
1067 2106 1070 2113 ¹

94 2122 240 2220 stupore
279 2146 302 2198 a
330 2123 545 2198 doemone
535 2122 643 2199 lnvas
638 2146 695 2211 us,
720 2121 771 2200 δι’
786 2122 863 2220 post
888 2123 1019 2215 decem

93 2236 215 2309 tantae
251 2222 500 2301 tribulationis
537 2223 619 2299 dies
657 2224 736 2311 vita
768 2221 913 2299 fundus
946 2221 1020 2299 est·

66 2340 210 2421 'atque
232 2320 339 2411 illum
364 2325 480 2401 aliurn
505 2337 653 2423 propter
677 2324 854 2407 miracula
863 2322 1020 2438 ,dipro-

93 2425 273 2543 digiosarn
296 2448 566 2522 energumenos
587 2424 769 2503 liberandi
788 2424 963 2500 virtutem
975 2423 1017 2503 iu

93 2539 179 2606 toto
208 2528 350 2603 oriente
382 2526 565 2609 celebrem
599 2527 826 2605 Monachum
863 2523 893 2621 s
926 2521 1019 2600 Ideni

93 2625 174 2709 Lib.
200 2654 237 2727 4.
264 2653 335 2726 cap.
365 2624 471 2728 15)
506 2627 571 2725 qui
607 2630 735 2708 aDeo
759 2627 798 2706 ἃ
823 2627 949 2726 petiit,
975 2625 1017 2707 dt

91 2730 278 2816 obtinuit,
304 2744 348 2808 ut
372 2728 446 2829 ipse
471 2752 744 2827 energumenus
767 2729 894 2819 fieret,
920 2727 984 2806 &
974 2752 1016 2809 m

94 2832 319 2920 earundem,
357 2833 491 2928 quibus
513 2847 626 2909 antea
649 2833 745 2909 adeo
770 2831 1015 2921 formidabilis
1093 2874 1096 2879 -

90 2931 233 3021 fuerat,
260 2933 473 3009 damonum
498 2955 634 3011 manus
648 2934 844 3009 incideret.
862 2934 1015 3009 demum

90 3033 187 3115 ulios
217 3033 332 3109 etiam
358 3034 429 3109 Dei
454 3032 602 3113 servos.
627 3034 674 3111 de
700 3035 860 3132 quibus·
848 3031 1016 3117 Ecclesi-

89 3135 194 3213 astici
219 3135 372 3211 annales
396 3134 580 3225 referunt,
601 3137 701 3232 quod
718 3135 1014 3239 aspiritibusin-

86 3234 290 3416 ferna}ibua
316 3234 466 3334 polielli,
491 3235 531 3315 ἂ
556 3260 694 3343 magna
718 3228 1030 3337 crudelitatem·¹

86 3355 171 3420 xatt
207 3336 340 3418 uerint.

466 3439 579 3539 cca
842 3490 845 3495 <
895 3419 961 3540 ia·
993 3414 1014 3432 ”
