2220 3870
134 133 225 260 378
297 116 368 219 rr.
383 112 563 256 adp.
578 107 705 233 mr.
736 108 919 218 Marta
1091 33 1098 241 ἶ

63 322 65 327 ·
134 300 177 381 in
194 296 256 373 via
281 292 369 370 illuc
395 292 619 389 perducente
646 282 802 389 reponit.
823 288 826 295 ’
851 280 920 369 Ne
947 294 1065 392 itaque

135 399 303 480 Direstor
333 395 372 469 in
401 391 498 470 tanti
522 392 703 466 momenti
730 393 886 488 negotio
903 397 1097 496 decipio-l

126 516 223 590 tur,
250 492 475 573 conveniens
500 490 706 569 existimavi
723 493 864 571 indicia
888 495 955 572 hic
975 519 1068 594 quae·

132 604 222 681 dam
259 618 462 695 apponere,
498 614 582 690 qnae
607 593 729 699 lucem
754 592 821 694 ips1
844 597 1065 697 praeferant,

137 718 183 781 ut
221 697 431 797 dignoscere
464 694 588 794 poffit,
611 717 704 771 num
732 695 959 791 interiores,
983 722 1069 799 quas

139 805 266 882 anima
292 800 452 900 patitur,
479 796 738 891 tribulationes
758 798 971 881 additium
995 825 1068 904 pur·
1092 880 1095 889 ,

84 900 90 927 “
134 906 330 1007 gerionem
359 900 581 1002 pertineant.
647 998 656 1014 ο
791 934 811 949 ·-
1092 894 1095 913 “

136 1134 225 1193 202.
241 1103 406 1275 Indicia
429 1101 514 1180 haec
533 1101 699 1181 Direecor
713 1112 795 1180 tum
815 1126 867 1181 ex
891 1104 970 1200 iis,
997 1129 1068 1207 qua
1090 1120 1094 1179 t

317 1207 576 1307 purgationem
610 1190 854 1304 prdecedunt,
905 1224 995 1288 tum
1032 1222 1094 1297 es!

138 1312 250 1401 illis,
282 1332 366 1408 quae
401 1309 559 1387 eandem
600 1307 858 1398 comitantur,
886 1311 1067 1389 desumere

24 1498 28 1507 ,
138 1415 288 1517 poterit.
365 1410 558 1487 Ordinarie
593 1411 802 1506 contingit,
838 1423 885 1486 ut
910 1416 1095 1511 animae,¹

6 1542 8 1546 ·
140 1540 235 1614 quas
270 1517 372 1592 Deus
404 1513 445 1588 in
477 1510 623 1610 spiritus
658 1511 895 1619 purgatione
908 1517 1066 1615 reponit,

54 1642 58 1649 ·
140 1617 400 1721 purgationem
437 1610 559 1688 sensus
596 1632 685 1689 cunr
718 1610 923 1691 solidarum
966 1620 1067 1694 virtu·

139 1735 224 1799 tum
267 1714 523 1793 consecutione
561 1713 639 1812 jam
680 1712 856 1810 egressae,
893 1715 941 1795 dt
967 1720 1068 1796 alium

141 1823 231 1897 dein
261 1819 371 1920 valde
407 1813 590 1894 diversum
624 1815 771 1913 adeptae
795 1814 875 1915 jam
910 1819 987 1898 sint
1012 1821 1098 1896 lia·'

97 1948 100 1953 ·
139 1934 247 2010 tum,
283 1917 568 1995 illuminationis
592 1914 757 2006 scilicet,
799 1917 950 2017 inquo
991 1944 1067 2019 quo-

141 2026 232 2100 dam
246 2020 423 2118 temporis
440 2018 556 2095 trastu
576 2017 961 2118 suaviffimasspiritus
982 2045 1068 2100 corn·
1100 2100 1103 2113 ,

141 2123 416 2204 manicationes
442 2120 699 2217 degustarunt,
721 2144 766 2196 ac
788 2121 1008 2202 divinornm
1024 2123 1069 2200 sa·
1101 2128 1104 2135 '

31 2286 34 2293 .
141 2250 275 2304 vorum
310 2221 504 2300 dulcedine
536 2223 575 2296 in
611 2220 815 2299 christianis
852 2222 931 2300 sese
966 2227 1069 2305 virtu·
1102 2236 1107 2319 “,

141 2331 244 2406 tibus
269 2327 562 2404 corroborarunt.
640 2323 737 2399 Cum
750 2347 864 2415 vero,
892 2341 941 2405 ut
959 2330 1070 2428 capite
1104 2322 1107 2327 ’

142 2431 233 2511 XVI
259 2427 422 2505 indicavi
438 2482 448 2515 ,
466 2423 687 2521 quandoque
708 2426 875 2514 accidat,
906 2444 954 2506 ut
978 2432 1071 2506 Dens

142 2533 277 2609 eodem
316 2543 484 2627 tempore
528 2549 642 2602 unam
681 2548 787 2623 aeque
822 2550 869 2604 ac
921 2531 1072 2608 alteram

142 2632 402 2734 purgationem
442 2627 547 2704 simul
589 2625 793 2725 perficiat,
825 2628 920 2725 quin
962 2633 1073 2709 ullum

144 2733 404 2810 consolationis
448 2754 492 2805 ac
529 2729 631 2827 pacis
674 2729 915 2808 intervallum
956 2733 1075 2811 immi·

140 2833 270 2924 secat,
308 2830 396 2909 hinc
430 2830 470 2906 in
503 2828 588 2906 casu
627 2829 700 2907 hoc
737 2834 935 2909 attendere
972 2854 1076 2952 opor·

141 2944 227 3026 tet,
248 2957 349 3011 num
386 2933 512 3010 anima
547 2952 613 3030 per
646 2932 806 3029 gratiam
825 2957 905 3011 non
932 2939 1076 3012 ordina·

141 3037 238 3115 riam
270 3036 399 3134 adjuta
434 3033 622 3132 praeterito
653 3046 819 3132 tempore
857 3034 933 3112 sese
964 3032 1109 3116 virili·¹

140 3145 216 3213 ter·
234 3138 275 3214 in
312 3135 532 3235 perfessione
565 3137 795 3228 exercuerit,
823 3134 862 3214 dt
886 3140 931 3214 in
964 3140 1075 3217 virtu·

141 3248 182 3314 te
217 3240 288 3315 rite
324 3235 544 3315 solidaverit.
621 3236 778 3328 Paucis,
802 3236 877 3316 srve
910 3261 976 3318 res
1009 3241 1075 3316 hoc

140 3335 218 3420 sive
254 3338 319 3429 illo
352 3340 467 3427 modo
496 3337 705 3436 succedat,
739 3341 964 3447 priusquam
1003 3341 1075 3419 ani·

1096 3542 1100 3577 l

914 3730 941 3775 Χ
