2100 3870
111 207 210 272 num
240 166 295 302 fit
330 176 372 266 in
402 165 709 269 revelationibus
740 145 846 286 &a
894 190 980 292 285
1034 185 1040 209 ⁸

73 341 276 440 rebnmqoer
322 338 559 417 multitudinem
590 341 795 443 angelorum,
822 348 880 444 qai
903 348 983 424 ceci·

73 444 276 625 {auxamio
303 441 384 532 iltis,
415 445 474 542 qui
505 441 560 600 ibi
589 449 711 603 mutui
731 445 835 547 fient,
862 447 983 553 effert·

73 772 158 852 245.
178 747 506 925 Etdhaecditta
542 746 736 926 stffllclant’
754 763 799 830 ut
820 774 993 853 nonmoff

73 953 273 1054 cipienteS,
298 858 988 1034 leilmliaeelllmalillrllisorlslllolllc

73 1058 231 1134 veritate
242 1051 392 1151 persuafi
406 1051 492 1143 suit,
509 1056 606 1149 quod
622 1055 719 1131 circa
728 1056 983 1151 revelationes,

73 1156 136 1235 etll
149 1152 810 1244 sanstae,&divinaefint,hallucinari
832 1182 990 1259 pronum

73 1260 113 1338 fit
125 1280 253 1343 exeo,
275 1257 374 1352 quod
398 1257 700 1347 velreconditos,
717 1257 951 1350 obscurum&
963 1270 992 1339 a'

73 1361 184 1439 nobis
226 1382 302 1434 non
340 1359 542 1434 intellellos
587 1357 707 1435 sensus
753 1362 989 1453 contineant,

73 1462 134 1539 rel
163 1457 342 1537 absoluta
382 1460 595 1550 videantur,
627 1463 717 1537 dum
752 1462 875 1561 reapse
903 1487 993 1541 con·

74 1564 273 1642 ditionmae
309 1559 402 1639 sunt.
460 1563 518 1637 Ex
559 1562 618 1636 his
659 1561 821 1659 sequenti
870 1566 994 1663 capite

76 1688 141 1767 pro
165 1661 237 1739 usu
276 1661 350 1760 ipso
386 1663 425 1740 dc
457 1663 718 1769 exercitatione
741 1666 923 1764 proficuas
939 1664 995 1741 se·

77 1765 231 1864 quelas,
247 1773 253 1783 ’
268 1763 310 1841 &
347 1765 503 1864 praliica
555 1766 695 1842 monita
753 1767 993 1845 deducemus.

77 1868 187 1947 Prius
221 1877 348 1943 tamen
391 1864 650 1965 oppositionem
691 1868 873 1965 aliquam,
908 1889 995 1966 quae

79 1969 323 2067 superioribus
372 1969 544 2044 dostrinis
580 1969 687 2067 objici
723 1969 853 2067 pollet,
905 1968 996 2046 solvi

78 2069 774 2251 lilnl'iilissnibhlilili
792 2068 998 2250 licitu

85 2270 268 2451 atr
284 2270 396 2450 tut
427 2193 1000 2452 cellmana

94 2475 202 2553 etiam
241 2475 288 2550 de
314 2497 353 2551 re
384 2497 448 2574 per
482 2498 566 2561 eam
601 2474 664 2551 fibi
683 2476 911 2553 manifestata
923 2496 1002 2551 cer·

91 2589 129 2655 ta
160 2577 349 2654 redditur:
384 2576 516 2655 &hoc
549 2578 668 2674 capite
694 2577 788 2665 dixi,
812 2579 909 2675 quod
922 2576 1002 2654 ani.⁴

90 2703 152 2757 ma
199 2679 298 2755 circa
331 2679 619 2768 revelationum,
654 2680 769 2754 etiam
807 2701 1002 2768 verarum,

90 2779 376 2878 intelligentiam
419 2779 577 2857 faciliter
624 2780 840 2857 hallucinari
892 2779 1005 2880 poffie

92 2882 202 2961 Unde
250 2907 324 2959 una
370 2882 533 2958 doiirina
589 2882 695 2958 alteri
750 2884 1004 2959 contradicere

94 2986 264 3063 videno:
307 3008 392 3061 cum
436 2985 477 3059 in
517 2985 649 3059 eodem
686 2984 871 3061 intelletiu
911 2983 1010 3069 circa

99 3085 198 3162 idem
246 3084 425 3185 objeilum
470 3085 651 3161 certitudo
702 3084 741 3163 δι
786 3085 1011 3182 ambiguitas

103 3188 301 3265 combinari
348 3198 543 3284 nequeant.
590 3184 654 3262 Ad
682 3186 753 3263 h'oc
791 3186 1010 3285 respondem,

106 3290 199 3382 quod
231 3289 369 3366 divinae
392 3287 636 3365 revelationes
672 3287 888 3384 neutiquam
914 3286 1010 3383 eiua,-

105 3387 189 3473 'letu
225 3412 358 3475 omnes
389 3389 600 3493 qualitatis,
628 3386 669 3471 dt
695 3384 1011 3580 pedeffirfflnt.
