2220 3870
51 238 52 243 a
130 171 240 279 ,604
310 153 377 279 Tr.
399 165 455 260 V.
473 160 575 283 Cap.
598 138 739 251 XXI.
761 146 867 247 Alta

136 327 245 408 Deus
275 341 402 405 autem
437 351 459 404 e
489 325 710 423 longinquo,
745 318 785 398 dt
820 317 980 415 quidem
1007 332 1065 417 pet

139 429 297 509 notitias
325 433 373 507 ad
407 429 539 506 mortis
565 447 724 524 agonem
747 419 863 517 usque
889 419 1064 497 transver-

20 542 22 547 ’
138 532 336 621 berantes,
363 531 500 608 tuimae
516 525 816 627 repraesentetur,
841 548 922 600 non
950 521 1065 601 uifiab

124 631 217 732 =ipsa
250 632 322 708 hac
354 630 667 730 contemplatione
698 627 843 716 oritur,
872 637 1008 724 utpote
1030 623 1066 699 in
1098 552 1104 731 1

139 754 255 830 quam
279 733 382 809 Deus
405 756 470 832 per
493 731 609 810 solum
633 733 772 807 donum
795 722 1064 804 intelledus&
1100 734 1104 817 j

58 905 61 911 .
137 833 293 932 quidem
328 834 369 910 in
404 837 522 932 gradu
547 832 656 910 valde
678 829 859 906 eminenti
869 884 894 931 ‚x
908 827 1061 904 nullate·
1100 888 1104 929 z

132 946 216 1012 'nun
252 948 380 1013 autem
420 958 486 1036 per
525 936 665 1013 donum
706 929 901 1031 sapientiae
937 926 1061 1006 influit
1097 958 1102 1019 p

136 1035 225 1140 Jam
267 1037 356 1127 alibi
377 1061 465 1114 cum
497 1037 699 1134 Angelico,
753 1028 919 1127 aliisque
935 1022 1099 1121 dodo-1¹

83 1160 89 1173 ·’
127 1140 253 1216 ribus·
266 1133 448 1229 diotimus,
474 1139 573 1236 quod
597 1139 695 1215 dono
719 1132 913 1243 sapientiae
935 1131 1066 1232 propri·
1092 1144 1096 1185 ²

127 1249 207 1316 'um
233 1237 299 1328 fit,
324 1241 444 1343 Deum
468 1241 669 1317 nonmudo
684 1235 925 1337 praesentem,
951 1230 1065 1310 sed&
1092 1310 1095 1359 Ι

129 1340 261 1419 multa
285 1364 372 1421 cum
397 1342 577 1420 suavitate
602 1338 800 1418 fruendam
824 1337 971 1413 animae
1009 1357 1065 1410 ex·
1091 1390 1095 1441 i

140 1441 282 1535 hibere.
346 1444 429 1543 Jam
454 1442 546 1521 sicut
568 1444 608 1518 in
632 1434 705 1519 hac
729 1439 903 1526 oratione
931 1440 1066 1514 donum

138 1543 214 1622 hoc
237 1543 450 1635 nullatenus
473 1558 667 1644 operatur,
693 1541 740 1619 fic
764 1565 835 1619 nec
862 1541 972 1617 Deus
996 1538 1067 1616 ani·

138 1666 215 1722 mae
240 1647 385 1722 vicinus
410 1645 712 1746 repraesentatur,
735 1643 798 1720 sed
823 1666 845 1720 e
865 1642 1067 1738 longinquo
1091 1674 1095 1725 ι

129 1745 180 1823 dt
206 1746 306 1842 quusi
338 1771 403 1844 per
425 1761 610 1824 remotum
634 1745 859 1846 prospedum
884 1747 1067 1821 duntaxat
1092 1798 1095 1835 :

136 1846 352 1923 ostenditur.
414 1850 588 1925 Diximus
614 1860 792 1945 praeterea
819 1846 940 1935 alibi,
975 1843 1097 1943 quod'¹

137 1948 228 2023 doni
253 1947 460 2031 intellectus
485 1949 646 2027 officium
671 1948 904 2026 solummodo
927 1947 976 2024 srt
993 1969 1066 2046 pro·

138 2047 296 2128 fundam
333 2072 457 2125 rerum
498 2053 708 2129 divinarum
751 2051 1065 2148 penetrationem,

132 2155 375 2247 'nequaquam
401 2165 528 2229 autem
555 2152 669 2229 etiam
689 2150 1003 2249 delettationem
1022 2149 1065 2225 s·
1096 2206 1099 2223 .

138 2253 411 2342 tisfallionem‚
437 2253 476 2330 &
501 2253 707 2332 satietatem
732 2253 873 2331 animae
899 2255 1063 2333 tribuere.

136 2354 190 2431 Et
214 2353 302 2430 hinc
326 2379 413 2430 cum
439 2355 575 2432 animae
597 2357 638 2431 in
661 2356 733 2432 hac
752 2357 1064 2454 contemplatione
1099 2352 1102 2385 ³

25 2525 28 2528 ,
134 2454 348 2532 constitutae
362 2457 567 2533 intelleltus
581 2456 800 2534 subtilissima
821 2459 998 2552 quadam·
1011 2478 1063 2555 pe·

137 2557 366 2645 netratione,
405 2555 479 2633 srne
515 2559 616 2634 omni
648 2565 775 2636 tamen
801 2557 1064 2653 delettatione.

136 2656 178 2732 in
200 2657 270 2733 Dei
286 2659 451 2735 bonitate
471 2658 673 2757 defigatur;
700 2659 773 2736 alia
799 2657 887 2761 sane
914 2659 1062 2745 afferto,

136 2757 228 2832 dum
268 2757 339 2834 sese
363 2762 410 2836 ab
436 2784 481 2836 eo
505 2776 687 2838 remotam
720 2762 844 2847 videt,
883 2762 980 2841 oriri
1009 2784 1064 2837 ne·

136 2858 240 2954 quit,
267 2881 379 2956 quam
405 2861 644 2951 desiderium,
683 2885 728 2942 ac
753 2860 947 2941 crucians
974 2862 1064 2941 sum·

134 2979 198 3034 me
209 2974 407 3057 penetrans
425 2963 464 3040 dt
477 2963 638 3050 subtilis,
666 2971 799 3062 (prout
817 2962 943 3039 santra
962 2965 1062 3039 illum

48 3096 50 3102 ·
137 3060 329 3161 appellat)
352 3065 416 3160 qui
436 3088 519 3141 eam
532 3063 657 3141 sensim
673 3066 747 3141 srne
769 3063 873 3141 sensu
898 3066 952 3142 ad
971 3086 1064 3142 mor·

132 3160 185 3234 tis
223 3185 382 3259 agonem
417 3167 587 3243 deducat.
652 3167 871 3243 Notandum
910 3179 1061 3254 tamen,

129 3264 232 3354 quod
257 3263 320 3340 hic
343 3267 481 3343 amoris
498 3268 656 3365 languor
668 3292 744 3344 non
760 3267 902 3366 semper
919 3269 963 3352 in
986 3282 1059 3345 tarn

124 3357 271 3444 intenso
283 3415 297 3460 ,
321 3368 469 3467 qualem
482 3369 662 3461 hedenus
678 3369 1061 3552 descripsimusaugra·

140 3530 146 3565 ι
999 3526 1014 3571 2
