2100 3870
101 192 195 265 222
290 164 356 260 Tr.
380 158 451 258 IV.
489 164 587 298 Cap.
613 162 722 259 XV.
745 152 919 277 Manita

98 335 279 435 propriam
315 329 495 407 miseriam
530 354 576 407 ac
611 332 886 429 indignitatem.
903 335 970 410 viv:

99 440 199 513 citet.
219 434 483 535 apprehendat:
505 431 544 508 ὅ(
578 433 664 508 hinc
693 434 792 522 vuit,
826 436 927 529 quud
956 460 970 510 ε

98 539 175 615 viii.
206 536 277 611 hac
315 530 367 609 sni
405 533 513 631 ipsius
551 534 634 609 idea
670 534 710 610 in
743 532 879 611 anima'
901 550 970 613 tani

99 635 216 734 major
245 636 421 711 bonitatis
462 658 505 709 ac
547 635 683 711 amoris
730 636 801 711 Dei
844 639 971 733 coguit

98 738 256 824 oriatur,
281 758 354 831 quo
395 736 557 833 pluribus
584 750 724 835 praeter
751 760 863 813 omne
904 737 970 813 suu]

99 838 272 916 meritum
301 836 335 912 se
361 836 547 914 favoribus
570 838 794 914 cumulatam
821 837 970 935 conspici

98 938 204 1017 Unde
233 937 474 1015 ·ardentiilimi
488 940 499 969 ”
515 938 600 1013 dein
631 938 819 1036 reciproci·
849 940 970 1017 amorii

99 1040 352 1137 gratitudinis,
380 1038 418 1116 δι
448 1051 588 1115 mutuae
622 1040 892 1117 benevolentiae
906 1040 970 1117 asti

100 1140 316 1217 enascuntur
348 1142 421 1229 ita,
448 1155 489 1216 ut
513 1139 547 1215 se
581 1154 700 1215 totam
727 1140 782 1217 iili
811 1140 970 1217 confecit

99 1242 194 1321 Haec
213 1242 379 1319 favorum
397 1242 577 1338 cognitio,
588 1240 627 1319 &
647 1241 931 1341 supematuraiis
944 1266 970 1319 e:

99 1344 271 1421 ittimatio
308 1343 414 1418 valde
450 1344 591 1432 untia,
620 1358 731 1438 atque
765 1343 815 1419 ad
843 1342 970 1443 spiritu

100 1446 175 1521 iem
209 1444 406 1543 profestum
427 1444 534 1519 valde
559 1443 661 1519 utilis
691 1443 742 1521 est
780 1445 857 1533 ita,
896 1458 970 1522 ut·

100 1570 162 1623 am
198 1569 328 1621 omnes
367 1546 538 1621 adamare
576 1546 771 1633 deberent,
813 1559 858 1621 ut
899 1568 970 1621 neu

99 1672 174 1723 non
216 1646 328 1721 videt.
380 1647 438 1720 Ex
463 1646 731 1743 compluribuS,
760 1646 897 1743 quibus
929 1644 970 1725 sai

77 1742 155 1823 'aa
179 1745 276 1821 hanc
313 1741 413 1820 suam
439 1761 601 1823 mentem
636 1748 824 1834 declarat,·
846 1748 970 1824 locist

99 1848 224 1922 uicum
246 1844 365 1942 {elige
418 1843 539 1936 Certa,
564 1847 604 1921 de
635 1846 750 1944 quihus
772 1851 842 1948 pust
865 1846 970 1946 berse

98 1949 253 2022 mociuari
292 1948 430 2043 cogite,
472 1946 665 2024 humilitatis
703 1972 820 2046 genere
851 1974 918 2023 uon
953 1974 970 2021 c

97 2060 230 2131 rentur,
263 2045 329 2120 tec
359 2063 465 2120 autem
489 2061 564 2121 tuuc
595 2050 742 2137 deutur,
765 2075 836 2123 eum
859 2056 970 2146 cuique

99 2145 328 2246 humilitereffe
341 2151 487 2235 uidetur,
504 2152 610 2246 stquir
632 2153 677 2224 ud
693 2152 846 2247 suumn,
872 2178 912 2224 ue
931 2180 970 2250 gr

98 2251 183 2335 ties,
215 2273 298 2344 quar
327 2249 474 2322 domiuus
492 2253 522 2323 ei
555 2250 734 2348 elargitur,
759 2278 823 2326 uon
847 2258 970 2327 attende

99 2350 188 2426 Bene
217 2351 458 2448 intelligemur,
501 2352 640 2446 qualiter
671 2379 722 2428 rer
744 2357 934 2451 contingat,
942 2354 970 2453 s«

99 2455 189 2539 iicet,
222 2454 309 2548 quod
349 2449 521 2525 Densius
547 2458 674 2548 gratius
698 2451 789 2529 uobis
813 2454 935 2550 ubsque
957 2484 970 2529 i.

98 2555 129 2628 to
154 2557 257 2653 nostru
282 2558 393 2627 merito
423 2557 645 2650 impertietur:
672 2554 712 2629 ii
735 2558 822 2650 quod
841 2581 970 2653 norprep

97 2668 182 2727 terea
208 2655 327 2729 divine
350 2659 505 2754 nrujeliuti
528 2673 648 2753 gruter¹
667 2656 811 2730 exhibere
829 2670 970 2732 tuuemu

88 2758 123 2853 fi
147 2758 229 2828 euim
254 2780 307 2826 eur
331 2779 352 2826 u
378 2754 468 2828 nobis
493 2761 590 2853 recipi
615 2783 677 2830 uon
704 2759 970 2855 cognoscamus,i

95 2856 269 2929 uniendum
297 2880 357 2928 uer
389 2878 552 2949 utinquam
577 2857 800 2934 excitabimus:
829 2860 874 2937 Θ
911 2884 970 2958 qua

94 2957 287 3055 eertiffrmum
312 2961 377 3056 est,
403 2958 489 3053 quod
500 3015 508 3044 ‚
536 2985 598 3053 pue
639 2960 771 3034 ditiores
793 2988 852 3036 uos
881 2961 970 3060 consp

92 3065 211 3143 rimus,
238 3061 272 3156 fl
297 3071 400 3132 temen
426 3084 484 3132 uos
506 3066 601 3135 etium
627 3062 720 3151 finini
754 3088 910 3160 pauperes
945 3092 970 3163 ep

94 3159 279 3257 noscamus,
307 3184 341 3231 eo
366 3161 440 3253 plus
476 3162 677 3259 adjumenti,
706 3163 747 3239 Ei
756 3190 801 3239 -eo
822 3167 970 3263 piusetiu

94 3284 176 3337 uere
198 3258 389 3335 humilitatis
414 3263 487 3337 iude
510 3261 600 3340 uobis
615 3267 664 3365 fit
687 3262 898 3344 obventurum
920 3268 949 3365 (⁶

19 3454 21 3457 v
95 3369 347 3465 vitucupzo,
373 3366 434 3463 )'
480 3368 486 3435 '.
867 3388 874 3393 ·

144 3510 148 3521 ·
187 3496 194 3531 r

874 3498 957 3572 193.
