2220 3870
152 147 236 249 258
307 127 375 230 Tr.
400 123 472 230 W
511 110 609 265 Cap.
648 125 794 223 XVII.
813 72 970 224 -Imst'ria

156 304 268 386 <inem
291 303 417 380 venire
444 299 570 398 potest.
602 295 643 374 Si
668 317 757 373 vero
782 321 857 373 non
874 323 996 397 ¹namo
1010 299 1074 376 Di·

153 410 334 489 retiorum
376 402 456 502 ejus
495 400 581 476 dein
606 399 873 475 intentionibus
898 401 933 475 se
961 425 1074 499 oppo-

150 533 239 588 nere
265 506 373 594 velit,
413 503 614 599 quidquam
645 501 859 598 pertinaciae
897 503 1072 600 deteget:

150 624 219 689 aut
252 607 352 683 enim
388 605 598 680 nullatenus
636 603 807 691 obediet,
831 614 898 679 aut
923 605 1070 682 obediet

151 713 320 808 quidem,
345 706 406 782 sed
431 731 506 781 non
522 704 605 780 sine
628 726 765 799 magna
803 709 1066 802 repugnantia,

150 813 191 891 ἅ
218 809 502 886 contradistione
536 806 694 904 spiritus.
752 805 905 880 Nullum
939 807 1066 908 hujus·

148 915 251 992 modi
267 909 477 1007 exemplum
494 907 660 983 diretiori
675 929 936 1001 commemor03
954 930 1067 1006 quan·

148 1014 347 1110 doquidem
374 1024 430 1086 tot
456 1008 528 1107 ipse
554 1007 776 1105 conspiciet,
815 1021 906 1104 quot
931 1012 1065 1087 animae

144 1115 280 1213 saepius
315 1113 421 1192 illudi
454 1111 569 1186 solitae
607 1110 649 1186 in
672 1108 783 1208 ipsus
814 1133 951 1202 manus
975 1112 1066 1189 inci·

145 1219 248 1295 dent.

145 1448 233 1523 224.
347 1427 494 1506 uartum
519 1412 709 1491 indicium.
761 1413 805 1492 In
829 1412 929 1505 veris
961 1440 1062 1494 reve·

373 1517 571 1593 lotionibus
600 1531 738 1613 quanto
761 1520 887 1594 anima
913 1520 963 1594 ad
998 1519 1062 1618 spi·
1102 1586 1105 1595 .

15 1625 18 1674 f
144 1627 259 1703 ritum
275 1620 389 1703 ,suum
415 1617 591 1693 Direuori
615 1619 1061 1718 detegendumestprom·

145 1727 244 1814 tior,‘
262 1733 368 1797 tanto
393 1719 441 1795 ad
466 1718 536 1793 sese
561 1720 731 1796 omnibus
758 1722 844 1798 aliis
857 1780 860 1785 .
874 1721 1062 1799 occultan-

143 1829 232 1902 dam
259 1823 310 1897 est
334 1821 499 1909 cautior,
526 1844 570 1896 ac
596 1821 777 1899 solicitior.
828 1823 904 1900 Hic
936 1837 1061 1915 notes,

143 1925 317 2003 omnibus
355 1921 483 1996 sanstis
521 1920 659 2019 semper
692 1924 732 1999 in
766 1947 868 2023 more
906 1925 1060 2024 positum

96 2032 99 2046 '
140 2025 269 2115 fuisse,
309 2022 617 2099 extraordinarios
667 2025 845 2101 divinitus
886 2027 1061 2105 immisios

141 2129 309 2215 favores,
336 2125 375 2202 ilc
401 2125 561 2200 maxime
587 2127 889 2226 prophetiaspro
921 2130 1060 2207 viribus

141 2229 355 2317 occultare,
381 2224 479 2321 sique
505 2229 686 2320 quasdam
712 2229 1059 2322 manifestaruntssid

138 2355 216 2411 non
241 2328 306 2406 nisi
331 2351 378 2403 ex
403 2326 578 2424 peculiari
606 2330 674 2404 Dei
700 2330 865 2428 impulsu,
891 2330 931 2409 δι
945 2333 1058 2431 justis,
1103 2326 1105 2333 ⁴

140 2455 226 2532 quae
265 2431 335 2508 Dei
367 2427 522 2526 gloriam
555 2431 813 2527 attingebant,
854 2434 1058 2511 rationibus

138 2530 363 2629 contingisse.
414 2531 510 2616 Quia
538 2527 781 2608 Surrumenrum
828 2531 977 2635 Regis(
1017 2547 1059 2613 ut

139 2634 308 2731 Angelus
335 2632 383 2709 ad
407 2629 562 2708 'sobiam
585 2634 680 2710 dixit
711 2658 782 2731 cap.
814 2658 870 2713 12.
898 2661 930 2710 v.
958 2659 996 2736 7.
1027 2642 1056 2736 )

138 2733 329 2833 abscondere
352 2730 469 2807 bouum
488 2736 546 2849 ess.
599 2736 711 2812 Ratio
735 2735 846 2835 hujus
873 2737 942 2833 est3
958 2741 1057 2835 quod
1093 2804 1095 2807 .

124 2834 285 2937 spiritus
310 2835 461 2940 Domini
486 2850 676 2934 mgentem
699 2836 838 2934 semper
866 2839 1056 2919 horrorem

136 2939 329 3034 ingeneret
355 2959 377 3012 a
402 2938 696 3014 manileltatione
721 2962 862 3028 rerum,
889 2941 1056 3020 sanmu-

139 3040 191 3115 tis
216 3037 356 3114 samam
369 3036 565 3114 conciliare
574 3040 778 3116 valentium
792 3043 940 3139 ‚quales
954 3045 1055 3122 haud

59 3213 64 3219 ,
137 3140 248 3216 dubie
272 3137 496 3237 propheticae
522 3140 766 3219 revelationes
796 3143 888 3222 sunt.
941 3146 984 3223 Si
997 3169 1054 3222 re·

136 3241 342 3319 velationes
368 3253 493 3315 autem
519 3265 542 3318 a
566 3241 655 3318 sallo
680 3242 806 3344 spiritu
840 3245 1054 3341 nascantur,

135 3343 262 3422 anima
286 3339 444 3420 faciliter
483 3345 683 3454 declinabit
714 3349 764 3428 ad
786 3371 855 3428 xeas
876 3373 954 3427 non
980 3349 1056 3428 fine
1104 3330 1106 3383 ³

949 3453 1002 3532 le·

678 3582 792 3636 e.

1097 3148 1106 3325 l
