2220 3870
91 170 158 278 46
172 178 188 207 ‘¹
296 152 363 258 Ἠ.
387 150 463 257 W.
468 174 471 181 '
484 159 586 296 Cap.
597 154 671 256 IV.
694 158 865 255 Manita

93 314 187 403 num
209 324 366 404 ultiones
391 325 455 405 suo
479 324 653 429 discipulo
677 316 839 415 aeaelo',
853 348 942 403 num
956 318 1005 405 ab

89 428 235 508 inferno
257 426 422 506 immirsae
446 428 601 506 fuerintz
628 426 777 505 sienim
802 429 1005 506 daemonias

93 548 152 606 cae
173 528 330 617 fuerint,
355 530 524 608 diabolus
548 527 754 607 constenter
778 527 814 605 se
832 529 1007 631 rejellum

90 630 242 718 videns,
267 630 447 707 confusor
462 632 601 721 abibit,
627 654 696 708 uec
729 644 808 708 turn
833 632 920 707 cito-
941 632 1008 709 sub

90 731 282 809 ementitis
290 729 494 810 saniliratis
511 732 695 833 speciebus
712 731 747 809 se
761 733 896 808 iterum
912 754 1009 830 prae-

90 830 258 910 sentubit.
309 833 374 912 Uti
391 835 439 910 in
460 834 553 911 'vitis
578 848 723 933 patrum
749 834 795 908 de
820 831 939 910 sanilo
962 835 1008 909 il·

89 932 131 1013 lo
164 934 347 1013 monacho
379 944 600 1026 enarratur.
627 935 708 1030 qui,
734 936 824 1009 dum
857 936 1008 1011 daemon

90 1037 145 1115 in·
157 1036 276 1113 forma·
319 1035 388 1114 esu
406 1032 538 1113 Christi
557 1035 592 1111 se
603 1037 657 1113 illi
674 1036 874 1133 videndum
891 1036 1007 1124 dedit,

90 1132 815 1344 nummulorum?
835 1135 899 1314 n
921 1140 1008 1333 lu

88 1342 204 1418 rerba
226 1340 399 1418 inhnicus
422 1339 626 1439 ignominia
640 1372 643 1377 ·
656 1340 817 1439 repletus·
842 1336 1007 1417 diso'essrt.

90 1442 134 1519 Si
158 1438 313 1518 visiones
336 1454 463 1519 autem
487 1441 635 1529 sanun,
660 1465 706 1517 ac
729 1452 837 1517 verae'
852 1434 1005 1529 suerint,

44 1530 53 1559 ³
89 1543 193 1663 nullu
217 1543 257 1619 in
278 1544 327 1618 iis
348 1543 568 1660 repellendis·
590 1544 667 1632 vis,
682 1542 783 1618 nulla
798 1558 1009 1659 repugnan-

89 1642 487 1834 insulensis}
509 1640 1007 1844 zlltlnlttllllnb

91 1846 134 1924 ἀ
159 1845 185 1923 il
211 1847 257 1922 ab
282 1846 390 1922 initio
415 1867 588 1945 corporea
617 1845 749 1933 suerit,
775 1846 895 1943 postea
917 1842 1017 1921 siet.

89 1946 335 2046 lrnaglnarit3
359 1959 426 2024 aut
451 1947 477 2023 st
507 1944 595 2023 talis
618 1946 694 2046 jum
716 1946 847 2034 fuerit,
871 1944 1006 2022 clarior

89 2050 132 2127 io
155 2048 338 2149 posterum
376 2047 416 2123 δι
439 2047 625 2125 sublimior
648 2047 742 2123 sorte
768 2048 919 2124 evadet:
937 2047 1006 2124 sal·

90 2158 170 2227 terit
207 2150 394 2226 uberiores
417 2148 458 2223 in
489 2150 615 2225 anime
646 2145 795 2224 effeetus
820 2146 1006 2249 impressore

90 2252 292 2347 relinquet:
317 2251 404 2346 quia
414 2251 516 2326 Deus
532 2250 714 2350 ejusmodi
725 2248 873 2347 repulsis
887 2250 1007 2327 nulla·

91 2366 207 2431 tenus
230 2347 447 2444 offenditur}
472 2353 549 2428 imo
566 2375 632 2429 eas
656 2350 930 2447 magnifacit,
963 2353 1005 2428 in

88 2454 140 2531 iis
162 2453 227 2530 sibi
251 2453 474 2551 complacet3
496 2453 651 2549 illasque
675 2451 1004 2549 ob'vilem‚quam

90 2556 217 2633 enimn
242 2552 289 2629 de
314 2552 350 2649 se
375 2554 570 2644 monstrnt,
594 2553 921 2649 existimationem,
960 2578 1007 2630 ac

90 2655 141 2733 ob
172 2655 414 2731 exercitatum
441 2656 487 2732 ub
515 2655 627 2731 omni
659 2655 774 2731 etiam
812 2652 1006 2753 spirituali,

91 2778 137 2834 ac
162 2756 282 2834 fausta
306 2753 458 2832 sensibili
482 2756 723 2833 deleltatione
751 2756 872 2832 cordis
900 2758 1006 2835 avul-

89 2856 230 2935 sionem
254 2858 369 2934 etiam
394 2868 656 2934 remuneratur.
706 2858 757 2933 Et
776 2857 864 2933 irinc
885 2858 1007 2957 repul·

90 2958 162 3050 sae,
188 2979 282 3056 quas
303 2958 345 3036 S.
370 2956 539 3036 Therelin
562 2957 706 3051 Christo
728 2960 919 3057 apparenti
941 2961 1010 3036 de·

81 3060 167 3149 ¹dit,
193 3059 286 3137 nihil
316 3056 507 3158 profuere,
540 3080 614 3157 quo
649 3060 774 3145 minus
806 3060 1009 3153 Redemtor

87 3163 142 3238 ud
166 3184 250 3240 eam
274 3160 401 3238 divina
425 3159 488 3236 sua
512 3160 701 3260 praesentia
725 3159 819 3261 saepe
851 3162 1008 3269 dignan-

80 3264 182 3342 ¹dnm
216 3274 471 3341 reverteretur.
535 3262 614 3339 lmo
640 3280 725 3340 cum
751 3264 787 3339 ei
819 3265 1007 3361 quondam

87 3388 121 3446 a
153 3364 228 3444 suu
255 3361 499 3445 'uouemus
522 3362 543 3467 (
567 3369 750 3466 precepto
770 3365 898 3462 utique
937 3356 1009 3448 ἰπὶ·

141 3488 156 3509 ··
203 3498 224 3515 ··
479 3539 482 3547 ,
886 3488 956 3568 pru
