2220 3870
16 119 19 127 ’
126 125 214 242 '596
296 113 364 219 a.
381 118 433 220 ν.
454 110 717 266 cararia.
737 108 860 222 Aa·
1099 104 1104 191 i

129 264 1062 488 ⁵·Haieaaaaiaaara

130 493 230 569 ultra
245 488 452 568 mensuram
468 489 659 579 increscit,
683 490 773 566 dum
785 491 892 567 Deus
914 489 1061 568 tamvi·

130 614 220 670 vam
248 592 301 668 sui
339 593 514 669 notitiam
532 592 672 669 animae
688 591 836 681 tribuit;
863 603 933 680 ut,
958 603 1063 691 prout

32 702 39 717 '
129 696 172 774 S.
193 688 368 798 Therasia,
377 695 448 785 ait,
475 695 510 769 in
536 716 673 790 magnos
700 695 798 769 etiam
817 691 1063 792 cimaressub·
1102 720 1104 729 ·

130 795 207 879 inde
217 808 435 893 prorumpat,
462 797 673 891 quantumve}
683 794 808 891 alioqui
822 792 898 892 ipsa
915 797 1064 892 patiens,

132 895 176 973 &
189 895 235 969 ad
247 898 392 993 ingentes
403 895 531 972 dotores
537 895 695 992 serendos
706 890 794 994 saris
807 898 1000 989 exercitate
1006 898 1061 996 fit.

131 997 231 1077 Viva
257 997 363 1088 haec,
387 1018 461 1094 qua
479 997 617 1074 vulnus
636 997 774 1088 amoris
794 999 1064 1086 exacerbatur,

130 1099 268 1185 notitia
290 1122 365 1176 non
386 1097 452 1175 nifi
479 1097 789 1198 penetrantiffima
805 1099 899 1175 doni
923 1099 1065 1177 intelle·

133 1200 212 1278 stus
232 1200 298 1277 lux
323 1200 400 1289 est,
436 1221 510 1297 qua
536 1200 674 1277 animae
697 1198 844 1276 infinita
864 1200 942 1275 Dei
968 1223 1067 1287 ama·

129 1302 261 1395 bilitas
282 1325 421 1399 magna
456 1324 542 1377 cum
567 1301 735 1379 claritate
764 1301 977 1399 detegitur3
1002 1325 1066 1400 gu·

133 1403 262 1480 standa
286 1417 414 1481 tamen
435 1427 511 1479 non
540 1403 742 1501 praebetur:
778 1426 867 1480 nam
902 1402 1067 1503 juxtas·

133 1502 319 1583 Thomam
342 1503 480 1581 Donum
504 1500 687 1581 laternam
717 1502 946 1605 ejiqaoedam
973 1517 1066 1580 acaia

130 1604 308 1706 perspeiiio
338 1607 534 1683 divinorum.
569 1604 606 1701 (¹
621 1631 682 1684 22.
708 1607 816 1707 quast.
841 1629 909 1704 49.
922 1703 925 1706 Δ
938 1619 1008 1683 art.
1032 1632 1065 1685 2.

133 1707 180 1785 ad
215 1710 300 1805 2.)
332 1706 393 1784 sed
430 1702 504 1783 sine
536 1706 628 1784 ulla‘
644 1707 743 1783 circa
768 1708 873 1807 idem
899 1708 1066 1786 divinum
1103 1774 1104 1779 ,

129 1807 318 1909 ‚objeaum
336 1808 600 1898 deieratione,
616 1821 736 1908 prout
757 1808 857 1884 idem
879 1809 922 1887 S.
939 1808 1065 1886 Dostor

135 1908 225 1993 aiibi
252 1910 372 1986 docet.
426 1910 524 1986 Cum
550 1909 675 1986 anima
699 1933 786 2008 ergo
808 1909 849 1984 in
868 1910 995 2008 ignito
1008 1909 1065 1987 illo
1102 1922 1104 1947 ¹

133 2010 273 2089 amoris
294 2008 434 2088 attastu
452 2010 573 2087 Deum
595 2011 858 2109 degustaverit,
885 2012 930 2090 &
950 2027 1064 2090 trans·

132 2110 284 2189 fixionis
315 2112 480 2190 dolorem
499 2112 539 2187 in
556 2113 637 2212 ejus
659 2109 1063 2214 subtrastion‘e,paritet
1098 2150 1102 2161 ·

133 2212 307 2306 senserit3
342 2215 430 2290 hinc
462 2211 584 2313 siper
611 2213 874 2314 speculativam
912 2215 953 2294 &
987 2239 1067 2294 acu·

132 2328 240 2406 tam,
273 2315 487 2393 nuliatenus
522 2329 649 2393 tamen
681 2315 939 2397 delestabilem
976 2318 1067 2394 hanc
1098 2320 1102 2357 ¹

131 2415 228 2500 doni
252 2416 459 2493 inteilestus
482 2416 605 2493 lucem
622 2440 717 2500 ,eum
739 2417 826 2492 dein
841 2419 1068 2519 contempla·

132 2526 219 2604 tur,
245 2520 339 2595 adeo
360 2519 512 2607 intimo,
536 2519 631 2595 adeo
656 2517 894 2618 penetrabili,
921 2519 964 2597 az
979 2521 1067 2598 adeo
1098 2568 1101 2579 ·

129 2619 247 2696 atroci
266 2620 397 2696 'dolore
425 2617 646 2709 coniicitur,
682 2632 726 2696 ut
761 2620 801 2693 in
834 2622 974 2698 mortis
1009 2644 1066 2720 pe·
1097 2616 1100 2651 ¹

133 2719 295 2796 riculum
321 2721 537 2813 adducatur.
585 2722 635 2811 Et
649 2720 704 2799 -S.
733 2719 915 2817 Therefia¹
936 2723 1065 2806 refert,

129 2816 205 2894 sese
229 2820 353 2897 vidisse
375 2819 565 2919 personam
589 2821 625 2918 s
635 2822 717 2898 haec
732 2820 835 2897 haud
859 2824 977 2902 dubie
997 2821 1065 2923 ipia

130 2933 253 2997 mater
273 2923 474 3020 Seraphica
497 2922 638 3020 fuerit)
673 2944 786 3018 quam
814 2944 894 3020 prae
929 2925 1065 3001 doloris
1098 3008 1101 3017 ,

128 3021 283 3097 exceffu·
296 3024 395 3100 vivis
412 3022 637 3105 excessuram
653 3022 891 3103 existimavit.
945 3027 1000 3104 Et
1014 3049 1065 3102 re·
1099 3074 1102 3087 .

127 3120 213 3220 apse
236 3147 369 3225 corpus
395 3124 483 3219 dein
507 3118 715 3211 non‘mado
738 3123 814 3200 fine
839 3123 972 3216 sensu,
998 3126 1064 3203 nne
1098 3122 1102 3193 Ι

125 3225 276 3300 arteriae
293 3224 416 3323 pulsu,
441 3224 517 3302 fine
532 3229 653 3306 calore
678 3239 802 3303 totum
822 3223 1064 3324 ¹frigidumaa

59 3336 64 3343 “
126 3324 434 3425 conquassatum,
467 3325 531 3411 sed
555 3328 595 3439 ὃς
618 3350 685 3432 pet
709 3326 835 3432 plures
862 3329 949 3406 dies
976 3330 1065 3408 adea

742 3466 784 3509 ι
882 3429 1025 3526 debile.
1100 3414 1103 3435 '
