2100 3870
115 248 119 259 ·
170 216 362 343 corporea
377 187 459 321 fit,
490 182 740 329 exsplicatar.
902 227 954 325 39

28 362 150 449 ¹minus
170 360 298 458 ¹egredi
312 358 367 433 od
390 383 468 453 nost
485 358 549 457 sed
570 384 635 436 non
657 360 744 463 poffe
765 362 878 461 egredi
898 391 957 443 or·

22 460 121 539 ,llario
137 460 232 562 fito,
259 484 318 545 aec
337 460 481 540 ventilo
502 460 676 549 dromones,
700 489 756 537 nec
772 469 955 562 vagantia·

35 574 77 641 lor
96 588 157 637 nos
184 588 283 639 more
315 561 494 645 damonum
515 560 543 654 ζ
566 564 607 637 de
635 562 779 661 Purgot.
805 579 950 644 controv.

31 672 68 751 ,a
82 660 163 741 Lib.
199 691 235 741 2.
266 660 350 760 Cup.
369 665 463 761 a..)
495 662 606 759 ‚Unde
631 666 810 759 deduces,
836 669 952 747 etiam

39 766 228 845 dmnatos
255 764 476 863 quandoque
502 763 530 859 (
560 764 649 841 licet
673 768 781 843 valde
806 791 888 844 raro
919 772 952 868 J

23 890 232 967 apparere,
271 889 346 955 non
365 880 504 941 tamen
529 888 595 963 pro
629 865 691 945 suo
715 867 853 957 lubitu,
887 868 949 947 sed

25 992 107 1053 ,aum
132 970 175 1045 id
203 966 297 1066 ipfis.
319 990 343 1043 a
368 968 448 1043 Deo
472 966 703 1065 peculiariter
722 970 947 1049 conceditur.

37 1068 97 1147 llic
124 1070 218 1145 nolo
256 1066 435 1153 discutere
458 1067 696 1165 quaestionem
720 1071 769 1145 ad
801 1069 948 1149 Trada-

38 1182 88 1247 ωε
109 1172 228 1271 hujus
254 1169 460 1259 institutum
479 1191 609 1266 pamm
621 1170 768 1245 utilem:
781 1194 871 1245 num
883 1169 948 1247 sci·

29 1270 112 1356 ¹licet
133 1272 281 1355 animae
306 1268 439 1357 inferni
463 1293 646 1350 carcerem
668 1271 745 1369 jam
770 1269 945 1367 ingrellae,

42 1396 80 1457 ac
96 1374 239 1451 atrocia
267 1370 348 1470 ejus
373 1370 545 1469 lupplloia
566 1371 643 1469 jam
669 1386 831 1469 expertae
865 1394 947 1447 cor·

45 1494 119 1571 pou
137 1474 202 1551 lua
232 1475 355 1547 denuo
381 1472 576 1561 affumere,
603 1472 857 1565 &advitam
889 1473 947 1549 iu·

59 1588 103 1647 ter
118 1574 288 1651 mortales
311 1574 516 1649 ducendam
527 1574 646 1648 redire
663 1573 807 1671 pollint.
854 1574 945 1648 Bre-

57 1672 135 1749 riter
148 1678 334 1753 duntaxat
357 1675 461 1762 dico,
488 1673 611 1750 casum
635 1675 735 1750 hunc
761 1694 834 1769 qua
865 1672 945 1773 pol·

51 1768 162 1853 -fililem
185 1775 340 1855 admitti
363 1800 386 1853 a
411 1777 450 1867 S.
476 1774 619 1853 'lhoma
644 1775 674 1872 (
697 1778 731 1850 in
756 1778 852 1871 prim.
856 1772 945 1872 sent.

51 1874 108 1973 dist.
128 1904 184 1977 43.
212 1902 272 1975 qo.
304 1903 338 1959 2,
364 1887 430 1951 nrt.
466 1902 501 1953 2.
529 1876 574 1949 nd
609 1898 642 1972 5.
679 1879 707 1975 )
744 1876 946 1973 itidemque

10 2032 15 2055 .
57 1976 175 2055 dmitti
200 2004 227 2055 a
251 1978 291 2055 S.
319 1975 543 2074 Augustino,
570 1977 607 2053 S.
635 1977 884 2075 Hieronymo,
905 1974 945 2054 dt

10 2092 16 2168 t
51 2074 273 2176 &Gregorio
298 2076 372 2161 luis
397 2080 437 2153 in
461 2078 635 2175 dialogis:
663 2080 863 2155 dummodo
887 2092 947 2157 ta·

58 2196 123 2255 men
143 2178 334 2255 definitiva
360 2180 609 2256 damnationis
620 2177 819 2263 sententia,
842 2202 948 2275 aqua

10 2312 25 2372 n
54 2300 113 2358 aon
140 2283 247 2358 datur
271 2277 407 2376 effugio
445 2281 568 2367 locus,
595 2281 634 2354 in
660 2279 842 2375 ejusmodi
867 2281 948 2357 ani·

10 2420 26 2472 p
58 2396 136 2457 uam
157 2406 234 2459 non
258 2379 491 2479 praecellerit,
514 2378 553 2456 &
578 2378 672 2456 lolus
695 2396 853 2479 ponatur
886 2405 950 2459 ca·

14 2498 19 2510 ·
58 2474 116 2571 lc,
138 2504 210 2579 quo
236 2481 331 2557 ditia
355 2482 479 2557 anima
505 2482 553 2557 ad
580 2482 688 2557 breve
723 2481 950 2559 solummodo

57 2590 178 2681 ternpus
204 2585 246 2659 in
271 2582 535 2659 tenebricosum
558 2580 666 2661 illum
689 2604 875 2660 carcerem
890 2605 949 2661 re-

64 2676 155 2781 lenta
176 2685 262 2763 luit.

60 2889 102 2965 tl
206 2888 314 2967 uinto
339 2884 500 2969 dubitari
519 2886 667 2985 nequit,
700 2885 789 2982 quin
813 2880 954 2981 Angeli

10 3048 14 3081 n
65 3042 69 3057 ·
244 2990 464 3087 quandoque
488 2989 644 3066 visibiles
671 2999 871 3087 appareant
910 2986 951 3061 in

63 3082 157 3171 hina.
175 3092 365 3186 humana,
392 3089 544 3188 pulchra
568 3088 810 3186 quidem,led
836 3087 952 3160 hone·-

58 3184 110 3284 ὦ,
132 3194 290 3283 decora,
315 3190 353 3270 dr
379 3193 622 3269 conveniente
649 3191 722 3277 ita,
747 3201 791 3265 ut
826 3185 954 3280 aspici-

55 3298 181 3373 entibus
199 3292 308 3373 ¹senia
331 3294 504 3394 puritatis
529 3291 702 3369 instillent
709 3314 720 3383 ;
745 3312 833 3366 curu
848 3285 955 3401 ‘sacer

63 3400 152 3479 lodex
172 3397 337 3482 resnou
358 3394 407 3487 'stt
433 3395 617 3578 egosmudi
640 3388 944 3497 aaumoombus.

10 3551 13 3575 ¹
80 3560 86 3575 ·
506 3521 534 3581 2
845 3511 909 3598 η·
