2220 3870
114 137 210 248 480
315 117 382 220 Tr·
416 115 469 223 V.
492 123 595 262 cap.
627 119 719 233 XI·
755 82 935 219 Mrnira

107 293 187 373 tior
212 291 440 385 solidioribus
459 316 509 370 ex
538 291 793 371 fundamentis
822 304 1041 394 purgamen

106 396 179 474 has
207 395 352 473 animas
383 397 616 472 corroborare
643 407 808 473 conetur.
859 396 1039 475 Ponatile

106 496 155 576 lis
179 499 226 575 ob
246 498 374 581 oculos
413 510 639 594 quantopere
665 493 761 572 Deo'
780 496 978 594 placeant,
1007 497 1037 577 fi

109 598 191 701 ejus
221 622 347 676 amore
367 601 575 696 patiantur,
609 597 906 694 confligantqu'e:
945 601 1040 699 quia

105 700 229 801 reapse
249 701 370 798 magis
394 699 448 774 illi
472 700 593 797 placet
613 699 693 797 dies
716 699 835 791 unica,
850 703 952 777 inter
965 704 1035 781 has

107 804 318 890 ariditates,
348 802 550 890 cruciatus,
584 800 623 877 dt
650 823 795 899 pugnas
819 800 1034 893 fidelitea&

105 906 297 1006 patienter·
320 901 518 989 transacta,
541 923 653 997 quam
682 900 724 976 fi.
747 927 849 999 anno
886 905 1034 1003 integro

105 1005 244 1085 amoris
282 1004 538 1089 dulcedinum,
566 1001 606 1079 de
636 1001 1035 1100 spiritus-diliciarum

103 1108 206 1187 mari-
220 1107 451 1182 innatarent:
486 1103 573 1199 quia
598 1127 710 1182 verae·
727 1104 777 1183 dr.
796 1104 927 1183 solidae
960 1108 1033 1209 rire

104 1220 228 1297 tutes,
256 1206 337 1303 ejus
371 1205 500 1280 oculis·
520 1206 614 1281 adeo
642 1220 813 1304 acceptae·
831 1210 971 1307 magis
994 1211 1033 1289 in

101 1309 165 1388 his
187 1328 300 1404 quam
329 1307 369 1382 in
390 1306 463 1382 illis
495 1324 727 1385 exercentur.
774 1302 1034 1407 Repraesentet'

103 1411 161 1489 eis
189 1410 322 1506 ingens
342 1405 559 1508 praemium,
586 1412 690 1507 quod¹
705 1411 892 1499 iubeam
909 1412 1031 1511 patria

103 1512 179 1590 illis
212 1525 458 1610 praeparatur;
484 1510 804 1609 quandoquidem,
835 1511 1028 1601 fidaemn·

101 1614 249 1691 niceam
282 1613 381 1689 hanc
413 1609 636 1688 obsidionem
674 1611 848 1709 generose
875 1612 1029 1703 subtine-¹

102 1727 191 1803 ant,
226 1735 407 1802 coronas,
433 1710 473 1791 dt
501 1713 644 1812 palmas
683 1714 724 1791 in
760 1713 865 1791 caelis
897 1715 1027 1795 fascia·

101 1816 173 1893 tim
192 1812 261 1890 -srbi
285 1813 533 1890 accumulant.
582 1815 676 1891 Haec
702 1814 784 1891 sunt
806 1812 925 1910 sensa,
946 1815 1028 1915 qui·

100 1918 172 1999 bus
195 1915 302 2015 juxta
326 1914 373 1991 B.
399 1914 604 1992 Henricum
639 1915 816 1993 Susonem
858 1916 891 2015 ζ
927 1914 1027 1997 Dici.

102 2041 206 2093 ernon
224 2050 227 2055 Δ
245 2038 318 2113 cup.
345 2041 405 2094 22.
432 2017 460 2113 )
494 2017 621 2094 divina
651 2018 829 2116 sapientia
854 2019 1028 2099 animam

98 2117 164 2196 sub
196 2110 379 2215 ejusmodi
416 2117 603 2193 crucibus
627 2132 840 2216 gementem
865 2120 909 2199 dc
935 2114 1029 2201 affit-

99 2221 196 2298 ilam
223 2217 451 2295 consolatur:
487 2219 585 2295 Ecce
616 2222 656 2297 in
680 2221 763 2297 haec
796 2223 914 2300 verba
940 2247 1028 2303 eam

98 2322 313 2420 loquentem
333 2318 500 2397 inducit:
532 2316 665 2397 Certum
693 2325 752 2422 est,
777 2324 887 2417 qnod,
956 2350 1026 2401 orn·

97 2427 136 2499 ni
156 2420 394 2522 consentione,
425 2418 468 2498 db
483 2418 658 2518 fhiritnaii
681 2422 846 2511 dulcedine
942 2426 1026 2504 ndn-

95 2548 147 2603 rer
163 2577 179 2612 ,-
198 2547 237 2599 nc
255 2544 328 2622 pen
351 2525 438 2599 roris
461 2521 588 2624 celestis
611 2526 705 2623 copia
721 2548 836 2601 amore
860 2523 908 2603 85
929 2528 1029 2605 deva·

96 2628 183 2703 tione
215 2623 416 2724 liquefieres,
450 2649 653 2722 nequaquam
678 2639 805 2715 tantm
830 2634 1024 2717 matrem,

96 2722 254 2821 quantam
287 2729 324 2802 in
348 2725 661 2814 mentis-ariditate,
686 2725 729 2805 tr
748 2724 826 2816 tac,
851 2734 911 2819 cni
929 2730 1025 2831 teas·

89 2826 202 2924 finam
226 2839 332 2917 teneo,
357 2851 448 2901 craece
472 2827 654 2906 toleranda.
719 2825 790 2903 Imo
815 2833 851 2905 in
878 2832 1023 2924 intimis,

95 2922 140 3003 &
160 2925 401 3023 penetrantibus
421 2924 473 3003 bis
489 2926 664 3028 suppliciis
686 2953 745 3028 ego
769 2954 837 3006 non
854 2932 1021 3028 sotumen

94 3028 202 3103 neimo
235 3039 267 3104 te
305 3053 401 3113 amo.
436 3027 501 3125 sed
537 3028 578 3105 dd
614 3028 759 3134 cbflritin
782 3056 822 3106 nc
845 3028 1021 3134 inffabilis

91 3131 221 3229 premii
241 3127 386 3208 debitrix
411 3154 534 3208 maneo.
586 3132 636 3208 Et
661 3132 861 3232 paulopost
874 3135 1020 3239 subjun-

90 3233 168 3328 git:
220 3228 372 3308 Mnndnr
395 3232 583 3330 affliibioner
603 3235 716 3330 fagit,
744 3231 786 3310 dd
802 3238 943 3337 afflibior
967 3239 1022 3317 de·

82 3331 206 3434 spiriti
230 3357 292 3437 ego
307 3343 424 3412 'annm
446 3334 520 3414 iilos
544 3330 711 3430 benedico,
735 3332 938 3431 &rorem
970 3326 1020 3421 Ε

797 3580 817 3618 n
859 3441 976 3547 ”sm

1058 3692 1063 3814 l
