2220 3870
113 153 212 243 400
317 121 384 221 Tr.
422 132 476 223 V.
494 127 596 262 Cap.
612 123 706 223 VII.
731 123 921 223 Alterum
958 80 967 107 ι

110 291 157 370 src
189 314 276 370 eam
314 293 429 369 etiam
451 293 586 391 sopire,
619 296 852 393 perturbare,
877 314 924 375 ac
943 320 1026 377 rna·

109 393 397 493 gnavivacitate
420 398 620 472 accendere
645 397 777 495 potest:
804 398 904 473 unde
920 397 960 476 dt
985 424 1026 479 a·

110 498 219 573 nima
235 494 295 570 vel
318 494 505 573 intelleitu
528 498 586 573 uti
609 522 683 573 non
706 497 839 595 potest,
865 499 1024 579 velfieo

109 609 258 682 utatur,
283 619 368 672 cum
391 598 560 675 libertate
586 600 728 696 operari
768 599 907 695 nequit.
959 603 1024 681 Sic

73 699 299 799 -eidemus,
325 701 422 793 quod
447 701 685 797 energumeni
708 724 732 777 a
757 702 929 778 demone
962 728 1025 781 ex·

108 799 240 897 agitati
265 801 484 897 quandoque
508 803 548 882 in
586 801 795 878 inconditos
815 803 1023 897 elamores,

106 898 365 997 incompositos
409 901 550 997 gestus,
579 900 619 980 dc
651 904 763 980 verba
794 903 912 1001 impia
937 929 1019 1004 pto·

103 1026 175 1080 ruu
189 1016 299 1101 pant:
326 1004 541 1099 interrogati
567 1003 652 1078 dein
663 1003 903 1125 delris‚'quae
920 1007 1016 1084 fece·

105 1121 212 1194 ruut,
235 1115 302 1180 aut
330 1105 519 1195 dixerunt,
559 1104 696 1181 nullius
722 1105 865 1203 prorsus
898 1129 1019 1185 recor·

101 1210 258 1283 dantur:
283 1206 325 1281 id
341 1206 439 1302 quod
462 1204 652 1282 manifesto
673 1206 809 1283 indicio
818 1206 889 1296 est,
902 1208 1018 1307 phan-

103 1308 235 1386 tasiam
257 1320 347 1383 tunc
370 1307 521 1406 sopitiim
544 1305 657 1383 fuisse.
706 1307 817 1384 Alios
842 1310 932 1387 dein
964 1312 1017 1391 ui·

103 1412 258 1503 demus,
282 1409 345 1505 qui
368 1408 599 1506 insuperabili
623 1409 763 1507 impetu
789 1409 837 1485 ad
846 1409 953 1486 adius
964 1412 1017 1489 fe·

76 1534 209 1588 noces
234 1510 489 1608 impelluntur,
511 1523 619 1609 prout
644 1511 787 1588 duobus
814 1509 890 1589 illis
912 1534 1016 1589 euer-

102 1612 279 1710 gurnenis·
293 1611 334 1686 in
361 1611 563 1708 Evangelio
576 1612 768 1708 contigit,.
791 1611 855 1707 qui
887 1613 1015 1691 molos-

96 1714 222 1790 torum
247 1712 358 1788 instar
393 1711 434 1786 in
480 1713 641 1788 viatores
671 1712 878 1790 irruebant:
917 1716 1014 1812 quod

96 1815 199 1890 'clare
229 1811 396 1900 indicat,
422 1835 486 1888 eos
525 1837 590 1911 per
615 1812 859 1911 phantafiam,
887 1814 927 1892 dt
953 1840 1013 1913 ve·
1052 1882 1056 1913 ξ

97 1910 291 1991 hementes
318 1913 492 2011 pa'ffiones
517 1938 540 1989 a
562 1915 792 1993 daemonibus
817 1914 923 1992 fuiffe
949 1920 1012 1996 ab·
1050 1932 1055 2017 t

98 2031 222 2114 reptos
265 2014 313 2092 ad
356 2015 592 2090 crudelitates
640 2016 745 2103 illas,
782 2017 918 2111 quibus
956 2018 1010 2096 vel

98 2117 239 2193 nullam
274 2113 334 2193 vel
349 2114 467 2191 'valde
492 2116 741 2212 irnperfediarn
770 2117 939 2195 subfuiffe
970 2120 1010 2196 ii·

93 2219 276 2301 bertutem
301 2218 432 2292 merito
457 2219 604 2293 credere
631 2217 824 2314 portunus.
878 2218 939 2297 lta
972 2232 1010 2299 ut

94 2322 174 2421 jure
188 2317 668 2405 inferam,daernonem‚ets1
689 2318 893 2416 spirituales
904 2345 1007 2399 ener-

96 2440 341 2521 gamer-rorum
360 2419 560 2515 ¹potentias
586 2416 702 2495 subire
727 2433 905 2515 nequeat,
943 2445 1009 2501 nec

94 2524 210 2598 ullam
245 2523 284 2596 in
325 2543 390 2596 eas
429 2518 645 2615 potestatem
685 2521 853 2607 habeat,
891 2527 1008 2603 multa
1049 2584 1054 2597 .

93 2637 222 2698 tamen
245 2644 310 2720 per
345 2619 572 2719 phantasram
612 2625 804 2719 tyrannico
842 2623 1007 2704 e’usdem

93 2722 248 2820 imperio
279 2721 471 2820 subjeetum
498 2720 538 2796 iu
562 2722 608 2797 iis
629 2725 770 2820 operari
793 2648 901 2820 possle.
956 2729 1008 2805 It'a

94 2822 265 2916 Sanitius
287 2821 503 2899 doiiiffimus
527 2823 706 2920 interpres
737 2824 863 2903 docet:
889 2826 1006 2928 Expr·
1053 2888 1056 2929 1

88 2927 209 3000 rieutiu
236 2936 429 3022 compertum
451 2925 518 3024 est,
546 2924 644 3020 idque
672 2949 694 2998 a
716 2925 926 3004 demoniacis
945 2929 1007 3030 sa·

14 3118 18 3123 ,
86 3035 166 3127 pius
192 3024 401 3113 audivimus,
432 3023 593 3098 interdum
609 3027 704 3126 stau
733 3027 934 3106 damonibus
955 3025 1007 3133 affe

86 3128 271 3226 correptor,
297 3139 335 3200 ut
363 3120 447 3199 nidd
477 3129 608 3215 norint,
631 3139 691 3202 aar
708 3127 878 3225 sentinam
912 3138 1009 3209 inter·
1050 3116 1056 3207 ι’

57 3234 60 3239 ’
91 3231 169 3304 dum
196 3254 266 3305 cum
290 3229 427 3322 augris
443 3223 588 3327 sensibus
613 3225 655 3304 85
675 3233 790 3306 mentis
821 3229 865 3308 85
908 3238 1009 3310 ratio·
1052 3270 1056 3329 3

85 3333 139 3423 m'r
161 3331 290 3425 anaim
312 3337 491 3433 compotes,
513 3330 577 3430 agi
607 3342 714 3409 ramea
763 3334 815 3409 ita
849 3359 889 3411 ae
1052 3342 1055 3419 3
