2220 3870
148 136 242 275 itt
345 130 417 235 a.
462 136 516 234 V.
542 131 642 273 cap.
672 130 763 233 tre
796 138 972 237 Monta
1047 150 1049 157 ’

148 315 212 396 oet
246 301 539 412 perseipsum,
565 305 627 382 vel
657 329 723 405 per
753 309 917 406 angelos
935 311 1074 415 ligave-

129 409 201 499 ¹rit
223 417 452 490 daemonem:
505 399 557 481 Et
586 407 707 504 ligauit
740 435 823 487 eam.
854 413 948 492 -Pet
981 416 1010 493 li
1037 444 1074 496 a·

149 511 321 605 mentum
357 509 429 584 hoc
462 509 501 585 S.
542 509 705 586 Thomas
744 512 784 587 in
820 511 924 591 sensu
962 542 988 593 v
1029 523 1072 598 de

64 672 68 677 -
145 617 293 738 proprio
315 610 490 707 intelligit
512 608 669 687 fraenum
684 613 854 709 aliquod,
878 637 954 712 quo
971 621 1072 700 Deus

144 718 319 805 mimicos
345 710 549 810 restringit,
582 738 629 788 ne
663 717 770 791 nobis
800 716 907 816 juxta
939 736 1071 818 poten·

144 823 212 901 tiae
250 818 290 896 &
318 815 523 894 voluntatis
560 814 634 891 suae
664 815 871 893 mensuram
893 840 1069 905 noceant.

73 918 74 926 '
141 915 246 1005 Hinc
270 921 311 995 in
348 918 461 993 verba
497 915 561 994 illa
589 917 627 992 S.
659 918 882 1015 Matthaei(
903 947 980 1020 cap.
1014 954 1068 1008 12,

141 1018 176 1102 ir.
203 1017 303 1122 29.)
353 1010 432 1119 Nrfi
450 1020 548 1116 prius
572 1017 758 1115 alligaverit
773 1023 910 1120 fortem
937 1026 996 1105 ita
1016 1029 1069 1107 lo·

87 1171 90 1174 >
140 1126 290 1226 quitur:
347 1117 426 1221 Nrfi
445 1122 542 1274 guas
566 1119 753 1218 alligaverit
766 1124 903 1220 fhrtem.
987 1129 1069 1234 Qua

141 1248 160 1306 e
204 1223 270 1304 luae
279 1221 455 1320 alligatio.
521 1219 611 1322 Quia
632 1226 772 1326 poteslas
796 1228 931 1303 nocendi
944 1287 956 1320 ‚
970 1256 1067 1327 quara

221 1321 486 1423 t(daemon)
513 1347 536 1397 a
548 1319 589 1421 se
614 1317 709 1423 ipfit,
743 1322 906 1402 cohibetur
933 1357 957 1406 a
977 1333 1065 1414 Deo.

138 1432 192 1512 Et
217 1429 340 1529 reapse
379 1424 514 1502 scimus
546 1444 599 1500 ex·
629 1427 876 1524 patientissimi
900 1431 988 1531 Jobi
1010 1439 1065 1514 hi·

137 1526 266 1622 storia,
290 1528 390 1627 quod
421 1528 524 1602 Deus
556 1528 719 1604 daemoni
757 1531 920 1628 amplam
944 1539 1064 1635 primo

134 1631 328 1714 licentiam
364 1629 575 1728 impertitus
602 1628 668 1706 ‘lit‘
684 1630 846 1708 santium
870 1635 998 1716 virum
1024 1643 1062 1721 in

133 1737 244 1816 bonis
266 1733 426 1811 fortunae
465 1732 729 1827 aggrediendi,
755 1732 918 1831 personae
949 1741 1061 1839 ipsius

30 1826 34 1841 ’
134 1835 370 1916 afllittionem
403 1845 530 1908 autem
562 1831 616 1908 illi
638 1834 855 1926 inhibuerit,
870 1839 1061 1938 inquiens:

133 1942 272 2028 tautum
288 1937 323 2011 iu
338 1957 409 2008 eum
434 1957 499 2007 aaa
523 1933 680 2008 extrudar
700 1959 831 2010 marum
856 1951 963 2022 taam.
991 1945 1023 2041 (
1032 1973 1060 2025 c.

135 2064 171 2123 ι.
204 2062 238 2116 v.
270 2038 382 2136 12.)
432 2033 605 2111 Secundo
635 2037 824 2135 personam
854 2040 937 2140 ejus
984 2061 1059 2127 tor·

130 2141 272 2244 quondi
305 2135 524 2238 potestatem
548 2136 601 2211 illi
629 2137 735 2229 fecit,
777 2162 891 2237 quam
928 2159 1059 2230 tamen

131 2242 376 2322 circa-vitam
397 2239 498 2315 illius
528 2236 648 2315 rursus
678 2239 896 2333 restrinxit,·
922 2247 964 2327 ὅ(
996 2276 1057 2330 00.
1099 2318 1102 2325 ,

121 2335 321 2424 aritavit:
383 2340 614 2417 Verumtamen
645 2345 788 2447 animam
826 2343 918 2421 illius
941 2349 1055 2449 sema,
1090 2362 1100 2489 p

20 2485 28 2511 s
129 2446 160 2544 (
184 2446 267 2546 erp.
295 2473 331 2524 2.
355 2467 389 2522 o.
417 2445 509 2543 o.)
557 2442 614 2518 lta
651 2458 694 2519 ut
729 2443 826 2521 clare
856 2469 1053 2548 appareat,

127 2550 387 2626 daemonema
421 2545 460 2620 S.
487 2543 692 2640 Augustino
729 2569 842 2644 quam
870 2555 1051 2633 veriffime
1086 2564 1089 2569 ’

127 2644 384 2748 comparatum
422 2641 492 2722 elle
518 2646 617 2741 ,cani
656 2649 798 2724 catenis
841 2653 1050 2749 constristo,

126 2739 192 2851 'qui
218 2764 366 2826 tantum
388 2745 505 2850 potest
532 2771 685 2839 nocere,
713 2765 896 2845 quantum
934 2759 1050 2836 domi·
1078 2786 1082 2847 ς

124 2873 199 2950 nus
218 2852 340 2929 eidem
350 2864 520 2927 catenam
542 2850 914 2936 laxat‚aliasautem
932 2862 1048 2939 nemi·
1077 2906 1080 2953 1

124 2975 214 3033 nem
245 2954 413 3030 mordere
444 2949 577 3050 potest,
607 2954 673 3029 nifi
710 2952 836 3054 sponte
867 2963 1048 3042 acceden.

23 3120 30 3126 .
123 3062 214 3134 tem.
266 3052 439 3152 Alligatus
462 3054 504 3154 esl
526 3055 631 3129 raim:
657 3053 677 3156 (
703 3056 914 3162 daemon)
961 3056 1048 3141 Taa-

121 3180 222 3261 qaara
246 3158 387 3243 amarus
410 3159 501 3230 cauis
521 3159 662 3242 catenis,
689 3153 731 3233 ii
765 3159 938 3239 nanim
946 3166 1048 3270 potest

18 3311 26 3320 .
119 3260 288 3345 mordere,
309 3260 375 3356 'trist
391 3280 473 3342 eum,
501 3255 604 3356 ills?
618 3257 666 3333 llll
690 3261 1046 3362 Wlffms‘m
1074 3310 1077 3379 t

26 3440 44 3520 e
117 3356 339 3483 papauera.
390 3355 421 3460 t
435 3355 539 3475 seen·
569 3384 655 3488 192·
677 3359 721 3441 a
744 3374 840 3466 teu·
865 3369 912 3501 l
931 3485 998 3575 οὗ
1068 3402 1076 3653 Ι

836 3659 841 3672 “
1068 3660 1071 3717 l
