2220 3870
108 168 111 177 '
155 184 253 278 422
312 152 393 265 ,Ta
423 154 487 252 V.
522 156 620 289 Cap.
662 150 775 250 Vlll.
807 86 1037 284 Modestia¹

48 360 51 365 ·
155 328 224 404 bos
251 346 309 398 res
334 320 551 420 turpiffimas
576 321 808 418 injiciebant,
835 337 878 399 ut
902 340 999 400 'earn
1027 327 1066 402 ad

154 424 329 519 nauseam
354 436 612 522 provocarent,
637 421 676 499 dr
701 448 725 500 a
749 423 960 501 neceffariae
985 427 1091 523 refe-2

130 529 286 612 ¹trionis
311 525 490 600 sumtione
515 524 745 621 impedirent.
796 525 973 602 Sororem
997 531 1093 605 Illa-i

153 632 249 707 nam
276 626 499 703 crucinam
524 625 761 714 saeuum,
786 626 995 731 nonnum
1036 598 1094 725 s!

99 778 107 799 t
152 727 351 809 francisci,
378 732 569 803 daemones'
585 728 631 803 ab
657 728 759 801 omni
783 727 856 803 alio
870 732 1068 806 nutrimen·

152 841 195 907 to
220 846 354 928 praeter
376 853 520 904 merum
544 852 705 927 panem,
744 825 795 929 &¹
812 828 993 926 frigidam
1016 852 1068 931 per

155 932 364 1029 complures
390 929 531 1006 menses
558 930 841 1027 prohibuerunt:-
864 931 904 1007 dt
930 933 1024 1010 licet
1040 958 1068 1009 a·

153 1032 226 1109 lias
253 1032 351 1107 escas
378 1035 568 1107 comedere
581 1032 925 1119 ·conaretur,nulla
952 1047 1069 1113 tamen

17 1224 19 1229 ¹
154 1134 299 1212 ratione
334 1134 373 1208 id
399 1134 434 1208 ei
463 1132 621 1229 puffibile
653 1146 751 1209 erat:
785 1131 968 1227 fiquidem
1005 1138 1069 1212 dae·

154 1258 288 1314 mones
314 1233 394 1332 ejus
417 1233 589 1309 maxillas
627 1246 706 1309 tarn
731 1232 876 1311 fortiter
902 1228 1096 1312 constriu-¹

155 1358 268 1426 xere,
301 1349 345 1412 ut
382 1336 513 1432 quavis
545 1335 658 1411 etiam
696 1335 863 1412 adhibita
898 1337 1098 1414 violentiat

156 1461 222 1514 eas
261 1438 401 1536 aperire
426 1461 500 1513 non
532 1435 676 1533 pollet..
710 1436 887 1512 Antistita
924 1416 1099 1538 propriisl

153 1538 252 1637 saepe
283 1539 456 1614 manibus
493 1561 536 1615 os
565 1536 646 1636 ejus
680 1537 819 1634 aperire
844 1551 1069 1628 tentaverat,

143 1663 287 1718 verum
322 1661 452 1716 omnes
488 1639 654 1738 ejusdem
677 1649 833 1715 conatus
867 1639 978 1718 fuere
998 1644 1069 1717 inu·
1096 1654 1102 1707 l

93 1762 105 1805 κ
153 1742 265 1816 tiles:
291 1741 378 1834 quia
403 1742 505 1816 Deus
531 1741 684 1827 videns,
729 1753 958 1839 quantopere
994 1743 1070 1840 rigi·

135 1841 206 1919 da
238 1840 321 1919 haec
369 1840 585 1919 abstinentia
624 1840 673 1917 ad
696 1839 849 1919 ‘felicem
871 1846 1070 1941 purgatio

30 1986 36 1995 ·
144 1964 248 2018 >uum
273 1940 355 2039 ejus
390 1943 532 2018 exitum
567 1945 811 2028 conduceret,
849 1944 1017 2023 daemuni
1039 1968 1072 2020 c·

153 2041 316 2143 jusmodi
342 2043 539 2119 violentias
563 2040 773 2143 permiserat
819 2041 905 2144 (in
939 2047 1073 2144 ejusdem

154 2142 292 2218 urlaub
315 2143 470 2242 *docipso
524 2144 651 2220 unane
671 2141 800 2245 scripta
824 2150 852 2243 )
885 2147 990 2224 Huic
1015 2145 1073 2247 ipti

89 2258 94 2265 “
152 2245 332 2343 religiosae
362 2247 537 2324 inimicus
574 2245 739 2343 linguam
772 2245 987 2341 frequenter
1023 2252 1072 2325 ita

146 2347 361 2444 ligaverat,
388 2363 430 2424 ut
472 2373 518 2426 ea
555 2371 623 2422 nec
645 2349 694 2423 ad
728 2347 797 2423 Dei
821 2348 968 2439 laudes,
1007 2373 1073 2426 nec
1104 2368 1108 2433 ῑ

19 2512 22 2519 .
85 2466 89 2473 ·
148 2449 191 2528 in
215 2451 370 2548 propriae
395 2450 531 2527 animae
557 2448 846 2525 emolumentum
865 2451 922 2549 uti
950 2452 1070 2550 pollet:
1103 2468 1108 2549 ξ

96 2562 99 2568 ’
145 2549 191 2628 dr
226 2551 314 2628 hinc
340 2575 425 2629 curn
458 2551 670 2639 vocalibus,
685 2550 745 2626 ad
771 2573 862 2646 quas
887 2574 967 2628 nou
1019 2568 1071 2629 te·

144 2651 324 2740 uebatur,
344 2653 658 2754 precibuspvacare
672 2651 783 2727 vellet
809 2649 828 2751 (
853 2653 955 2730 circa
980 2674 1071 2752 prae-

146 2764 256 2848 cepta
282 2753 382 2828 enim
423 2748 524 2848 Deris
534 2751 726 2828 daemonis
757 2752 979 2850 potestatem
1018 2779 1071 2832 re⁴

147 2850 386 2954 strinxerat)
412 2854 613 2932 eamiutra
649 2852 776 2928 fauces
818 2851 917 2949 quast
955 2855 1070 2933 ferru-

33 2976 41 2987 ’
144 2951 279 3029 minari
304 2953 408 3031 senfit
433 2957 506 3044 ita,
534 2969 576 3030 ut
590 2954 795 3030 nulla'eam
820 2955 967 3032 ratione
991 2980 1071 3035 mo*

144 3072 234 3131 vere
279 3055 401 3152 posset.
437 3060 532 3133 Cum
552 3056 828 3145 tentationum,
848 3066 951 3152 'quas
983 3059 1068 3135 hur-

143 3152 269 3235 rificas
313 3158 577 3254 experiebatur,
613 3168 777 3254 tempore
816 3155 1069 3237 sanuiffimum

142 3280 290 3347 nomen¹
310 3259 390 3357 Jesu
425 3259 598 3336 invocare
623 3258 758 3347 vellet,
795 3282 880 3336 eam
918 3262 1068 3358 penitus

139 3356 374 3455 ,obdurescere
394 3359 574 3550 ¹seudbd
609 3356 771 3455 Verum,
806 3468 810 3474 ι
831 3364 935 3463 quod
953 3386 1067 3565 {gra-
