<?xml version="1.0" encoding="UTF-8"?>
<!DOCTYPE html PUBLIC "-//W3C//DTD XHTML 1.0 Transitional//EN"
    "http://www.w3.org/TR/xhtml1/DTD/xhtml1-transitional.dtd">
<html xmlns="http://www.w3.org/1999/xhtml" xml:lang="en" lang="en">
 <head>
  <title>
</title>
<meta http-equiv="Content-Type" content="text/html;charset=utf-8" />
  <meta name='ocr-system' content='tesseract 3.04.00' />
  <meta name='ocr-capabilities' content='ocr_page ocr_carea ocr_par ocr_line ocrx_word'/>
</head>
<body>
  <div class='ocr_page' id='page_1' title='image "./directoriummyst00scargoog_0604.png"; bbox 0 0 2220 3870; ppageno 0'>
   <div class='ocr_carea' id='block_1_1' title="bbox 70 149 1106 3485">
    <p class='ocr_par' dir='ltr' id='par_1_1' title="bbox 93 149 1042 735">
     <span class='ocr_line' id='line_1_1' title="bbox 163 149 1020 297; baseline 0.013 -48"><span class='ocrx_word' id='word_1_1' title='bbox 163 211 170 225; x_wconf 42' lang='grc' dir='ltr'><em>ι</em></span> <span class='ocrx_word' id='word_1_2' title='bbox 267 246 270 250; x_wconf 83' lang='grc'><strong>,</strong></span> <span class='ocrx_word' id='word_1_3' title='bbox 282 153 465 297; x_wconf 65' lang='lat' dir='ltr'><strong>prodita</strong></span> <span class='ocrx_word' id='word_1_4' title='bbox 493 186 568 296; x_wconf 83' lang='lat' dir='ltr'><strong>pro</strong></span> <span class='ocrx_word' id='word_1_5' title='bbox 602 149 852 257; x_wconf 49' lang='lat' dir='ltr'><strong>directore*</strong></span> <span class='ocrx_word' id='word_1_6' title='bbox 938 167 1020 279; x_wconf 76' lang='lat'><strong>589</strong></span> 
     </span>
     <span class='ocr_line' id='line_1_2' title="bbox 93 323 1022 429; baseline 0.002 -24"><span class='ocrx_word' id='word_1_7' title='bbox 93 323 286 424; x_wconf 84' lang='lat' dir='ltr'><strong>nunquam</strong></span> <span class='ocrx_word' id='word_1_8' title='bbox 309 325 384 419; x_wconf 83' lang='lat' dir='ltr'><strong>fit,-</strong></span> <span class='ocrx_word' id='word_1_9' title='bbox 419 341 463 406; x_wconf 89' lang='lat' dir='ltr'><strong>ut</strong></span> <span class='ocrx_word' id='word_1_10' title='bbox 485 327 676 406; x_wconf 88' lang='lat' dir='ltr'><strong>hominem</strong></span> <span class='ocrx_word' id='word_1_11' title='bbox 694 326 844 428; x_wconf 76' lang='lat' dir='ltr'><strong>peccati</strong></span> <span class='ocrx_word' id='word_1_12' title='bbox 869 326 1022 429; x_wconf 81' lang='lat' dir='ltr'><strong>incapa-</strong></span> 
     </span>
     <span class='ocr_line' id='line_1_3' title="bbox 94 429 1042 529; baseline 0.004 -25"><span class='ocrx_word' id='word_1_13' title='bbox 94 453 178 506; x_wconf 86' lang='lat' dir='ltr'><strong>cem</strong></span> <span class='ocrx_word' id='word_1_14' title='bbox 201 430 262 527; x_wconf 81' lang='lat' dir='ltr'><strong>seu</strong></span> <span class='ocrx_word' id='word_1_15' title='bbox 284 429 563 529; x_wconf 85' lang='lat' dir='ltr'>impeccabilem</span> <span class='ocrx_word' id='word_1_16' title='bbox 584 433 724 518; x_wconf 87' lang='lat' dir='ltr'><strong>reddat.</strong></span> <span class='ocrx_word' id='word_1_17' title='bbox 788 432 1042 528; x_wconf 77' lang='lat' dir='ltr'><strong>Quapropter&#39;</strong></span> 
     </span>
     <span class='ocr_line' id='line_1_4' title="bbox 93 529 1022 631; baseline 0.003 -23"><span class='ocrx_word' id='word_1_18' title='bbox 93 531 261 608; x_wconf 78' lang='lat' dir='ltr'><strong>Diretior</strong></span> <span class='ocrx_word' id='word_1_19' title='bbox 282 555 347 608; x_wconf 88' lang='lat' dir='ltr'><strong>eas</strong></span> <span class='ocrx_word' id='word_1_20' title='bbox 381 533 422 609; x_wconf 93' lang='lat' dir='ltr'><strong>in</strong></span> <span class='ocrx_word' id='word_1_21' title='bbox 456 533 516 631; x_wconf 88' lang='lat' dir='ltr'><strong>spe</strong></span> <span class='ocrx_word' id='word_1_22' title='bbox 545 531 671 611; x_wconf 84' lang='lat' dir='ltr'><strong>firmas</strong></span> <span class='ocrx_word' id='word_1_23' title='bbox 696 555 742 610; x_wconf 89' lang='lat' dir='ltr'><strong>ac</strong></span> <span class='ocrx_word' id='word_1_24' title='bbox 771 529 886 609; x_wconf 83' lang='lat' dir='ltr'><strong>fortes</strong></span> <span class='ocrx_word' id='word_1_25' title='bbox 914 531 1022 630; x_wconf 82' lang='lat' dir='ltr'><strong>vigili</strong></span> 
     </span>
     <span class='ocr_line' id='line_1_5' title="bbox 94 633 1021 735; baseline 0.003 -27"><span class='ocrx_word' id='word_1_26' title='bbox 94 633 203 708; x_wconf 89' lang='lat' dir='ltr'><strong>oculo</strong></span> <span class='ocrx_word' id='word_1_27' title='bbox 221 633 434 712; x_wconf 84' lang='lat' dir='ltr'><strong>conservare</strong></span> <span class='ocrx_word' id='word_1_28' title='bbox 458 634 612 711; x_wconf 79' lang='lat' dir='ltr'><strong>studeat</strong></span> <span class='ocrx_word' id='word_1_29' title='bbox 677 634 851 735; x_wconf 82' lang='lat' dir='ltr'><strong>injungat</strong></span> <span class='ocrx_word' id='word_1_30' title='bbox 873 633 950 723; x_wconf 83' lang='lat' dir='ltr'><strong>eis,</strong></span> <span class='ocrx_word' id='word_1_31' title='bbox 975 646 1021 711; x_wconf 80' lang='lat' dir='ltr'><strong>ut</strong></span> 
     </span>
    </p>

    <p class='ocr_par' dir='ltr' id='par_1_2' title="bbox 70 733 1106 3485">
     <span class='ocr_line' id='line_1_6' title="bbox 70 733 1022 836; baseline 0.007 -33"><span class='ocrx_word' id='word_1_32' title='bbox 70 733 198 809; x_wconf 73' lang='lat' dir='ltr'><strong>adius</strong></span> <span class='ocrx_word' id='word_1_33' title='bbox 222 733 296 833; x_wconf 88' lang='lat' dir='ltr'><strong>spei</strong></span> <span class='ocrx_word' id='word_1_34' title='bbox 316 738 422 833; x_wconf 83' lang='lat' dir='ltr'><strong>nuda,</strong></span> <span class='ocrx_word' id='word_1_35' title='bbox 445 734 573 816; x_wconf 80' lang='lat' dir='ltr'><strong>saltem</strong></span> <span class='ocrx_word' id='word_1_36' title='bbox 600 736 792 814; x_wconf 81' lang='lat' dir='ltr'><strong>volontate</strong></span> <span class='ocrx_word' id='word_1_37' title='bbox 819 734 958 836; x_wconf 85' lang='lat' dir='ltr'>semper</span> <span class='ocrx_word' id='word_1_38' title='bbox 979 758 1022 831; x_wconf 56' lang='lat' dir='ltr'><strong>eg.</strong></span> 
     </span>
     <span class='ocr_line' id='line_1_7' title="bbox 92 833 1021 936; baseline 0.004 -27"><span class='ocrx_word' id='word_1_39' title='bbox 92 833 245 913; x_wconf 89' lang='lat' dir='ltr'><strong>liciant:</strong></span> <span class='ocrx_word' id='word_1_40' title='bbox 273 836 313 913; x_wconf 78' lang='lat' dir='ltr'><strong>dt</strong></span> <span class='ocrx_word' id='word_1_41' title='bbox 338 838 427 914; x_wconf 86' lang='lat' dir='ltr'><strong>licet</strong></span> <span class='ocrx_word' id='word_1_42' title='bbox 448 834 512 915; x_wconf 88' lang='lat' dir='ltr'><strong>fibi</strong></span> <span class='ocrx_word' id='word_1_43' title='bbox 532 839 687 915; x_wconf 84' lang='lat' dir='ltr'><strong>maximi</strong></span> <span class='ocrx_word' id='word_1_44' title='bbox 705 860 770 936; x_wconf 89' lang='lat' dir='ltr'><strong>per</strong></span> <span class='ocrx_word' id='word_1_45' title='bbox 793 838 918 914; x_wconf 91' lang='lat' dir='ltr'><strong>orbem</strong></span> <span class='ocrx_word' id='word_1_46' title='bbox 934 859 1021 936; x_wconf 86' lang='lat' dir='ltr'><strong>pec·</strong></span> 
     </span>
     <span class='ocr_line' id='line_1_8' title="bbox 92 937 1020 1026; baseline 0.004 -16"><span class='ocrx_word' id='word_1_47' title='bbox 92 949 260 1026; x_wconf 87' lang='lat' dir='ltr'><strong>catores,</strong></span> <span class='ocrx_word' id='word_1_48' title='bbox 286 937 326 1015; x_wconf 81' lang='lat' dir='ltr'><strong>dt</strong></span> <span class='ocrx_word' id='word_1_49' title='bbox 356 962 480 1016; x_wconf 85' lang='lat' dir='ltr'><strong>coram</strong></span> <span class='ocrx_word' id='word_1_50' title='bbox 507 939 573 1014; x_wconf 86' lang='lat' dir='ltr'><strong>Dei</strong></span> <span class='ocrx_word' id='word_1_51' title='bbox 598 939 715 1021; x_wconf 82' lang='lat' dir='ltr'><strong>oculis</strong></span> <span class='ocrx_word' id='word_1_52' title='bbox 733 937 935 1015; x_wconf 76' lang='lat' dir='ltr'><strong>¹oxoiiffimi</strong></span> <span class='ocrx_word' id='word_1_53' title='bbox 961 937 1020 1025; x_wconf 45' lang='lat' dir='ltr'><strong>vif</strong></span> 
     </span>
     <span class='ocr_line' id='line_1_9' title="bbox 91 1037 1019 1140; baseline 0.005 -28"><span class='ocrx_word' id='word_1_54' title='bbox 91 1037 275 1131; x_wconf 84' lang='lat' dir='ltr'><strong>deantur;</strong></span> <span class='ocrx_word' id='word_1_55' title='bbox 310 1039 399 1125; x_wconf 85' lang='lat' dir='ltr'><strong>licet</strong></span> <span class='ocrx_word' id='word_1_56' title='bbox 435 1042 714 1117; x_wconf 85' lang='lat' dir='ltr'><strong>damnationem</strong></span> <span class='ocrx_word' id='word_1_57' title='bbox 746 1040 848 1116; x_wconf 88' lang='lat' dir='ltr'><strong>suam</strong></span> <span class='ocrx_word' id='word_1_58' title='bbox 879 1039 1019 1140; x_wconf 70' lang='lat' dir='ltr'><strong>apertis</strong></span> 
     </span>
     <span class='ocr_line' id='line_1_10' title="bbox 90 1138 1017 1243; baseline 0.009 -29"><span class='ocrx_word' id='word_1_59' title='bbox 90 1138 191 1235; x_wconf 81' lang='lat' dir='ltr'><strong>quast</strong></span> <span class='ocrx_word' id='word_1_60' title='bbox 211 1141 329 1226; x_wconf 87' lang='lat' dir='ltr'><strong>oculis</strong></span> <span class='ocrx_word' id='word_1_61' title='bbox 348 1143 484 1218; x_wconf 90' lang='lat' dir='ltr'><strong>intueri</strong></span> <span class='ocrx_word' id='word_1_62' title='bbox 505 1145 719 1240; x_wconf 82' lang='lat' dir='ltr'><strong>opinentur,</strong></span> <span class='ocrx_word' id='word_1_63' title='bbox 744 1156 853 1242; x_wconf 85' lang='lat' dir='ltr'><strong>prout</strong></span> <span class='ocrx_word' id='word_1_64' title='bbox 872 1141 918 1223; x_wconf 87' lang='grc' dir='ltr'><strong>Β.</strong></span> <span class='ocrx_word' id='word_1_65' title='bbox 933 1142 1017 1243; x_wconf 60' lang='grc' dir='ltr'><strong>Ᾱιι·ιι</strong></span> 
     </span>
     <span class='ocr_line' id='line_1_11' title="bbox 89 1240 1106 1342; baseline 0.004 -27"><span class='ocrx_word' id='word_1_66' title='bbox 89 1240 187 1337; x_wconf 85' lang='lat' dir='ltr'><strong>gelae</strong></span> <span class='ocrx_word' id='word_1_67' title='bbox 205 1242 252 1317; x_wconf 91' lang='lat' dir='ltr'><strong>de</strong></span> <span class='ocrx_word' id='word_1_68' title='bbox 275 1242 303 1317; x_wconf 85' lang='lat' dir='ltr'>F</span> <span class='ocrx_word' id='word_1_69' title='bbox 305 1242 445 1340; x_wconf 87' lang='lat' dir='ltr'><strong>ulginio</strong></span> <span class='ocrx_word' id='word_1_70' title='bbox 463 1246 621 1342; x_wconf 76' lang='lat' dir='ltr'><strong>contigit</strong></span> <span class='ocrx_word' id='word_1_71' title='bbox 637 1268 647 1325; x_wconf 85' lang='grc'>;</span> <span class='ocrx_word' id='word_1_72' title='bbox 671 1245 774 1320; x_wconf 73' lang='lat' dir='ltr'><strong>anus</strong></span> <span class='ocrx_word' id='word_1_73' title='bbox 796 1242 869 1342; x_wconf 88' lang='lat' dir='ltr'><strong>spei</strong></span> <span class='ocrx_word' id='word_1_74' title='bbox 885 1242 1017 1318; x_wconf 92' lang='lat' dir='ltr'><strong>melio·</strong></span> <span class='ocrx_word' id='word_1_75' title='bbox 1102 1268 1106 1275; x_wconf 60' lang='lat'><em>⁴</em></span> 
     </span>
     <span class='ocr_line' id='line_1_12' title="bbox 88 1343 1079 1445; baseline 0.004 -26"><span class='ocrx_word' id='word_1_76' title='bbox 88 1343 146 1431; x_wconf 84' lang='lat' dir='ltr'><strong>ri,</strong></span> <span class='ocrx_word' id='word_1_77' title='bbox 182 1363 255 1440; x_wconf 89' lang='lat' dir='ltr'><strong>quo</strong></span> <span class='ocrx_word' id='word_1_78' title='bbox 271 1343 441 1442; x_wconf 77' lang='lat' dir='ltr'>possunt,</span> <span class='ocrx_word' id='word_1_79' title='bbox 481 1349 610 1423; x_wconf 70' lang='lat' dir='ltr'><strong>modo‘</strong></span> <span class='ocrx_word' id='word_1_80' title='bbox 626 1359 792 1445; x_wconf 86' lang='lat' dir='ltr'><strong>repetere</strong></span> <span class='ocrx_word' id='word_1_81' title='bbox 822 1365 1021 1439; x_wconf 82' lang='lat' dir='ltr'><strong>nunquam</strong></span> <span class='ocrx_word' id='word_1_82' title='bbox 1075 1400 1079 1405; x_wconf 93' lang='lat'>-</span> 
     </span>
     <span class='ocr_line' id='line_1_13' title="bbox 89 1442 1035 1544; baseline 0.004 -23"><span class='ocrx_word' id='word_1_83' title='bbox 89 1445 365 1537; x_wconf 76' lang='lat' dir='ltr'><strong>intermittant,</strong></span> <span class='ocrx_word' id='word_1_84' title='bbox 391 1469 603 1544; x_wconf 80' lang='lat' dir='ltr'><strong>quanquam</strong></span> <span class='ocrx_word' id='word_1_85' title='bbox 631 1449 674 1522; x_wconf 88' lang='lat' dir='ltr'><strong>hi</strong></span> <span class='ocrx_word' id='word_1_86' title='bbox 694 1445 777 1523; x_wconf 83' lang='lat' dir='ltr'><strong>ficei</strong></span> <span class='ocrx_word' id='word_1_87' title='bbox 802 1444 841 1523; x_wconf 76' lang='lat' dir='ltr'><strong>dt</strong></span> <span class='ocrx_word' id='word_1_88' title='bbox 869 1442 1035 1544; x_wconf 50' lang='lat' dir='ltr'><strong>insipidi&gt;</strong></span> 
     </span>
     <span class='ocr_line' id='line_1_14' title="bbox 73 1547 1017 1649; baseline -0.002 -25"><span class='ocrx_word' id='word_1_89' title='bbox 73 1562 304 1645; x_wconf 82' lang='lat' dir='ltr'><strong>appareant.</strong></span> <span class='ocrx_word' id='word_1_90' title='bbox 380 1548 488 1625; x_wconf 87' lang='lat' dir='ltr'><strong>Unde</strong></span> <span class='ocrx_word' id='word_1_91' title='bbox 511 1573 597 1625; x_wconf 91' lang='lat' dir='ltr'><strong>cum</strong></span> <span class='ocrx_word' id='word_1_92' title='bbox 617 1547 854 1649; x_wconf 65' lang='lat' dir='ltr'><strong>afflittojobo</strong></span> <span class='ocrx_word' id='word_1_93' title='bbox 879 1547 1017 1624; x_wconf 83' lang='lat' dir='ltr'><strong>identi-</strong></span> 
     </span>
     <span class='ocr_line' id='line_1_15' title="bbox 87 1644 1016 1747; baseline 0 -25"><span class='ocrx_word' id='word_1_94' title='bbox 87 1649 178 1747; x_wconf 79' lang='lat' dir='ltr'><strong>dem¹</strong></span> <span class='ocrx_word' id='word_1_95' title='bbox 200 1649 354 1725; x_wconf 85' lang='lat' dir='ltr'><strong>dicant:</strong></span> <span class='ocrx_word' id='word_1_96' title='bbox 390 1644 534 1747; x_wconf 78' lang='lat' dir='ltr'><strong>Etiumst</strong></span> <span class='ocrx_word' id='word_1_97' title='bbox 554 1648 707 1742; x_wconf 82' lang='lat' dir='ltr'><strong>occideris</strong></span> <span class='ocrx_word' id='word_1_98' title='bbox 726 1675 804 1738; x_wconf 82' lang='lat' dir='ltr'><strong>me,</strong></span> <span class='ocrx_word' id='word_1_99' title='bbox 829 1651 866 1723; x_wconf 79' lang='lat' dir='ltr'><strong>in</strong></span> <span class='ocrx_word' id='word_1_100' title='bbox 888 1661 920 1723; x_wconf 80' lang='lat' dir='ltr'><strong>te</strong></span> <span class='ocrx_word' id='word_1_101' title='bbox 933 1647 1016 1746; x_wconf 76' lang='lat' dir='ltr'><strong>spe·</strong></span> 
     </span>
     <span class='ocr_line' id='line_1_16' title="bbox 86 1741 1014 1848; baseline 0 -22"><span class='ocrx_word' id='word_1_102' title='bbox 86 1741 198 1826; x_wconf 80' lang='lat' dir='ltr'><strong>rabo:</strong></span> <span class='ocrx_word' id='word_1_103' title='bbox 232 1773 359 1841; x_wconf 88' lang='lat' dir='ltr'><strong>amore</strong></span> <span class='ocrx_word' id='word_1_104' title='bbox 385 1764 450 1827; x_wconf 92' lang='lat' dir='ltr'><strong>tuo</strong></span> <span class='ocrx_word' id='word_1_105' title='bbox 465 1744 631 1828; x_wconf 41' lang='lat' dir='ltr'><strong>xDomine</strong></span> <span class='ocrx_word' id='word_1_106' title='bbox 649 1752 784 1848; x_wconf 84' lang='lat' dir='ltr'><strong>dignus</strong></span> <span class='ocrx_word' id='word_1_107' title='bbox 804 1774 880 1825; x_wconf 92' lang='lat' dir='ltr'><strong>non</strong></span> <span class='ocrx_word' id='word_1_108' title='bbox 910 1747 1014 1845; x_wconf 80' lang='lat' dir='ltr'><strong>sum:</strong></span> 
     </span>
     <span class='ocr_line' id='line_1_17' title="bbox 88 1849 1017 1949; baseline -0.005 -18"><span class='ocrx_word' id='word_1_109' title='bbox 88 1852 137 1931; x_wconf 91' lang='lat' dir='ltr'><strong>ob</strong></span> <span class='ocrx_word' id='word_1_110' title='bbox 159 1851 286 1949; x_wconf 86' lang='lat' dir='ltr'><strong>culpas</strong></span> <span class='ocrx_word' id='word_1_111' title='bbox 308 1873 413 1929; x_wconf 80' lang='lat' dir='ltr'><strong>meas</strong></span> <span class='ocrx_word' id='word_1_112' title='bbox 439 1872 583 1929; x_wconf 84' lang='lat' dir='ltr'><strong>mereor</strong></span> <span class='ocrx_word' id='word_1_113' title='bbox 608 1854 804 1930; x_wconf 85' lang='lat' dir='ltr'><strong>damnari:</strong></span> <span class='ocrx_word' id='word_1_114' title='bbox 830 1849 892 1926; x_wconf 88' lang='lat' dir='ltr'><strong>sed</strong></span> <span class='ocrx_word' id='word_1_115' title='bbox 915 1851 1017 1927; x_wconf 84' lang='lat' dir='ltr'><strong>hane</strong></span> 
     </span>
     <span class='ocr_line' id='line_1_18' title="bbox 85 1951 1015 2051; baseline 0 -20"><span class='ocrx_word' id='word_1_116' title='bbox 85 1952 285 2051; x_wconf 83' lang='lat' dir='ltr'><strong>injuriam,</strong></span> <span class='ocrx_word' id='word_1_117' title='bbox 312 1967 354 2031; x_wconf 91' lang='lat' dir='ltr'><strong>ut</strong></span> <span class='ocrx_word' id='word_1_118' title='bbox 376 1955 424 2029; x_wconf 92' lang='lat' dir='ltr'><strong>de</strong></span> <span class='ocrx_word' id='word_1_119' title='bbox 451 1968 517 2032; x_wconf 87' lang='lat' dir='ltr'><strong>tua</strong></span> <span class='ocrx_word' id='word_1_120' title='bbox 536 1955 701 2032; x_wconf 81' lang='lat' dir='ltr'><strong>bonitate</strong></span> <span class='ocrx_word' id='word_1_121' title='bbox 725 1952 889 2031; x_wconf 82' lang='lat' dir='ltr'><strong>diffidam</strong></span> <span class='ocrx_word' id='word_1_122' title='bbox 906 1954 920 2043; x_wconf 86' lang='grc'><strong>,’</strong></span> <span class='ocrx_word' id='word_1_123' title='bbox 944 1951 1015 2031; x_wconf 79' lang='lat' dir='ltr'><strong>tint</strong></span> 
     </span>
     <span class='ocr_line' id='line_1_19' title="bbox 85 2052 1014 2153; baseline -0.001 -21"><span class='ocrx_word' id='word_1_124' title='bbox 85 2069 281 2153; x_wconf 89' lang='lat' dir='ltr'><strong>nunquam</strong></span> <span class='ocrx_word' id='word_1_125' title='bbox 328 2055 514 2148; x_wconf 87' lang='lat' dir='ltr'><strong>inferam,</strong></span> <span class='ocrx_word' id='word_1_126' title='bbox 553 2059 743 2153; x_wconf 84' lang='lat' dir='ltr'><strong>nunquam</strong></span> <span class='ocrx_word' id='word_1_127' title='bbox 784 2057 825 2132; x_wconf 90' lang='lat' dir='ltr'><strong>in</strong></span> <span class='ocrx_word' id='word_1_128' title='bbox 869 2052 1014 2131; x_wconf 84' lang='lat' dir='ltr'><strong>saecnla.</strong></span> 
     </span>
     <span class='ocr_line' id='line_1_20' title="bbox 84 2152 1015 2255; baseline -0.003 -20"><span class='ocrx_word' id='word_1_129' title='bbox 84 2157 261 2235; x_wconf 90' lang='lat' dir='ltr'><strong>Eundem</strong></span> <span class='ocrx_word' id='word_1_130' title='bbox 281 2157 320 2232; x_wconf 91' lang='lat' dir='ltr'><strong>in</strong></span> <span class='ocrx_word' id='word_1_131' title='bbox 338 2155 450 2234; x_wconf 86' lang='lat' dir='ltr'><strong>finem</strong></span> <span class='ocrx_word' id='word_1_132' title='bbox 469 2182 534 2234; x_wconf 82' lang='lat' dir='ltr'><strong>eas</strong></span> <span class='ocrx_word' id='word_1_133' title='bbox 555 2159 765 2255; x_wconf 84' lang='lat' dir='ltr'><strong>generalem</strong></span> <span class='ocrx_word' id='word_1_134' title='bbox 788 2152 904 2232; x_wconf 85' lang='lat' dir='ltr'><strong>totius</strong></span> <span class='ocrx_word' id='word_1_135' title='bbox 922 2158 1015 2234; x_wconf 78' lang='lat' dir='ltr'><strong>vitae</strong></span> 
     </span>
     <span class='ocr_line' id='line_1_21' title="bbox 85 2256 1048 2357; baseline -0.004 -20"><span class='ocrx_word' id='word_1_136' title='bbox 85 2257 269 2337; x_wconf 76' lang='lat' dir='ltr'><strong>anteadiae</strong></span> <span class='ocrx_word' id='word_1_137' title='bbox 290 2259 546 2337; x_wconf 85' lang='lat' dir='ltr'><strong>confeffionem</strong></span> <span class='ocrx_word' id='word_1_138' title='bbox 568 2262 751 2357; x_wconf 86' lang='lat' dir='ltr'><strong>deponere</strong></span> <span class='ocrx_word' id='word_1_139' title='bbox 770 2281 843 2334; x_wconf 89' lang='lat' dir='ltr'><strong>non</strong></span> <span class='ocrx_word' id='word_1_140' title='bbox 863 2256 1016 2354; x_wconf 70' lang='lat' dir='ltr'><strong>permit⁴</strong></span> <span class='ocrx_word' id='word_1_141' title='bbox 1044 2308 1048 2313; x_wconf 94' lang='lat'>-</span> 
     </span>
     <span class='ocr_line' id='line_1_22' title="bbox 84 2357 1023 2459; baseline -0.001 -22"><span class='ocrx_word' id='word_1_142' title='bbox 84 2372 147 2437; x_wconf 87' lang='lat' dir='ltr'><strong>tat</strong></span> <span class='ocrx_word' id='word_1_143' title='bbox 168 2415 177 2445; x_wconf 93' lang='lat'>,</span> <span class='ocrx_word' id='word_1_144' title='bbox 204 2370 286 2432; x_wconf 89' lang='lat' dir='ltr'><strong>tum</strong></span> <span class='ocrx_word' id='word_1_145' title='bbox 314 2360 493 2453; x_wconf 90' lang='lat' dir='ltr'><strong>quiahoc</strong></span> <span class='ocrx_word' id='word_1_146' title='bbox 517 2383 612 2459; x_wconf 79' lang='lat' dir='ltr'><strong>opus</strong></span> <span class='ocrx_word' id='word_1_147' title='bbox 633 2383 716 2435; x_wconf 87' lang='lat' dir='ltr'><strong>non·</strong></span> <span class='ocrx_word' id='word_1_148' title='bbox 734 2357 903 2446; x_wconf 90' lang='lat' dir='ltr'><strong>habent,</strong></span> <span class='ocrx_word' id='word_1_149' title='bbox 930 2368 1023 2436; x_wconf 72' lang='lat' dir='ltr'><strong>tunt.</strong></span> 
     </span>
     <span class='ocr_line' id='line_1_23' title="bbox 85 2458 1016 2559; baseline 0 -24"><span class='ocrx_word' id='word_1_150' title='bbox 85 2461 178 2558; x_wconf 91' lang='lat' dir='ltr'><strong>quia</strong></span> <span class='ocrx_word' id='word_1_151' title='bbox 206 2459 246 2533; x_wconf 91' lang='lat' dir='ltr'><strong>in</strong></span> <span class='ocrx_word' id='word_1_152' title='bbox 276 2458 349 2533; x_wconf 88' lang='lat' dir='ltr'><strong>hoc</strong></span> <span class='ocrx_word' id='word_1_153' title='bbox 380 2459 476 2536; x_wconf 89' lang='lat' dir='ltr'><strong>statu</strong></span> <span class='ocrx_word' id='word_1_154' title='bbox 492 2473 642 2541; x_wconf 87' lang='lat' dir='ltr'><strong>noceret</strong></span> <span class='ocrx_word' id='word_1_155' title='bbox 662 2460 798 2559; x_wconf 87' lang='lat' dir='ltr'><strong>potius.</strong></span> <span class='ocrx_word' id='word_1_156' title='bbox 874 2458 1016 2554; x_wconf 82' lang='lat' dir='ltr'><strong>Nequi-</strong></span> 
     </span>
     <span class='ocr_line' id='line_1_24' title="bbox 86 2549 1016 2660; baseline -0.004 -21"><span class='ocrx_word' id='word_1_157' title='bbox 86 2565 177 2640; x_wconf 92' lang='lat' dir='ltr'><strong>dem</strong></span> <span class='ocrx_word' id='word_1_158' title='bbox 206 2562 409 2660; x_wconf 86' lang='lat' dir='ltr'><strong>patiatur,</strong></span> <span class='ocrx_word' id='word_1_159' title='bbox 445 2576 488 2636; x_wconf 92' lang='lat' dir='ltr'><strong>ut</strong></span> <span class='ocrx_word' id='word_1_160' title='bbox 513 2549 560 2637; x_wconf 88' lang='lat' dir='ltr'><strong>de</strong></span> <span class='ocrx_word' id='word_1_161' title='bbox 590 2560 701 2638; x_wconf 85' lang='lat' dir='ltr'><strong>sacrae</strong></span> <span class='ocrx_word' id='word_1_162' title='bbox 730 2559 1016 2649; x_wconf 68' lang='lat' dir='ltr'><strong>communionis</strong></span> 
     </span>
     <span class='ocr_line' id='line_1_25' title="bbox 85 2659 1019 2760; baseline -0.007 -17"><span class='ocrx_word' id='word_1_163' title='bbox 85 2663 296 2758; x_wconf 77' lang='lat' dir='ltr'><strong>frequentia</strong></span> <span class='ocrx_word' id='word_1_164' title='bbox 326 2663 527 2760; x_wconf 82' lang='lat' dir='ltr'><strong>quidquam</strong></span> <span class='ocrx_word' id='word_1_165' title='bbox 558 2661 810 2740; x_wconf 81' lang='lat' dir='ltr'><strong>imminuant:</strong></span> <span class='ocrx_word' id='word_1_166' title='bbox 850 2659 889 2739; x_wconf 76' lang='lat' dir='ltr'><strong>dt</strong></span> <span class='ocrx_word' id='word_1_167' title='bbox 910 2659 937 2745; x_wconf 84' lang='lat' dir='ltr'><strong>st</strong></span> <span class='ocrx_word' id='word_1_168' title='bbox 958 2660 1019 2737; x_wconf 80' lang='lat' dir='ltr'><strong>di·</strong></span> 
     </span>
     <span class='ocr_line' id='line_1_26' title="bbox 86 2762 1016 2863; baseline 0.003 -23"><span class='ocrx_word' id='word_1_169' title='bbox 86 2779 203 2853; x_wconf 84' lang='lat' dir='ltr'><strong>cant,</strong></span> <span class='ocrx_word' id='word_1_170' title='bbox 227 2766 325 2861; x_wconf 93' lang='lat' dir='ltr'><strong>quod</strong></span> <span class='ocrx_word' id='word_1_171' title='bbox 348 2765 539 2863; x_wconf 90' lang='lat' dir='ltr'><strong>ingentem</strong></span> <span class='ocrx_word' id='word_1_172' title='bbox 560 2764 662 2842; x_wconf 87' lang='lat' dir='ltr'><strong>suam</strong></span> <span class='ocrx_word' id='word_1_173' title='bbox 685 2762 947 2861; x_wconf 83' lang='lat' dir='ltr'><strong>indignitatem</strong></span> <span class='ocrx_word' id='word_1_174' title='bbox 970 2785 1016 2843; x_wconf 77' lang='lat' dir='ltr'><strong>a·</strong></span> 
     </span>
     <span class='ocr_line' id='line_1_27' title="bbox 86 2864 1027 2967; baseline 0 -26"><span class='ocrx_word' id='word_1_175' title='bbox 86 2865 306 2967; x_wconf 87' lang='lat' dir='ltr'><strong>gnoscentes</strong></span> <span class='ocrx_word' id='word_1_176' title='bbox 332 2879 439 2944; x_wconf 90' lang='lat' dir='ltr'><strong>tanto</strong></span> <span class='ocrx_word' id='word_1_177' title='bbox 456 2869 698 2946; x_wconf 82' lang='lat' dir='ltr'><strong>Sacramenta</strong></span> <span class='ocrx_word' id='word_1_178' title='bbox 723 2864 1027 2964; x_wconf 82' lang='lat' dir='ltr'><strong>appropinquare-</strong></span> 
     </span>
     <span class='ocr_line' id='line_1_28' title="bbox 86 2960 1015 3066; baseline -0.006 -19"><span class='ocrx_word' id='word_1_179' title='bbox 86 2993 166 3047; x_wconf 89' lang='lat' dir='ltr'><strong>non</strong></span> <span class='ocrx_word' id='word_1_180' title='bbox 192 2968 336 3066; x_wconf 85' lang='lat' dir='ltr'><strong>poffiut,</strong></span> <span class='ocrx_word' id='word_1_181' title='bbox 360 2969 573 3047; x_wconf 90' lang='lat' dir='ltr'><strong>nullatenus</strong></span> <span class='ocrx_word' id='word_1_182' title='bbox 604 2968 678 3043; x_wconf 89' lang='lat' dir='ltr'><strong>iilis</strong></span> <span class='ocrx_word' id='word_1_183' title='bbox 697 2960 927 3054; x_wconf 82' lang='lat' dir='ltr'><strong>afl‘entiatur‚</strong></span> <span class='ocrx_word' id='word_1_184' title='bbox 950 2963 1015 3047; x_wconf 84' lang='lat' dir='ltr'><strong>sed</strong></span> 
     </span>
     <span class='ocr_line' id='line_1_29' title="bbox 88 3065 1016 3167; baseline -0.01 -18"><span class='ocrx_word' id='word_1_185' title='bbox 88 3069 220 3167; x_wconf 83' lang='lat' dir='ltr'><strong>adigat</strong></span> <span class='ocrx_word' id='word_1_186' title='bbox 237 3075 320 3160; x_wconf 88' lang='lat' dir='ltr'><strong>eas,</strong></span> <span class='ocrx_word' id='word_1_187' title='bbox 346 3084 390 3147; x_wconf 92' lang='lat' dir='ltr'><strong>ut</strong></span> <span class='ocrx_word' id='word_1_188' title='bbox 410 3096 559 3148; x_wconf 90' lang='lat' dir='ltr'><strong>omnem</strong></span> <span class='ocrx_word' id='word_1_189' title='bbox 578 3068 831 3146; x_wconf 74' lang='lat' dir='ltr'><strong>difficultatem</strong></span> <span class='ocrx_word' id='word_1_190' title='bbox 851 3065 1016 3159; x_wconf 78' lang='lat' dir='ltr'><strong>vincant,</strong></span> 
     </span>
     <span class='ocr_line' id='line_1_30' title="bbox 88 3165 1017 3250; baseline 0 -2"><span class='ocrx_word' id='word_1_191' title='bbox 88 3169 130 3248; x_wconf 78' lang='lat' dir='ltr'><strong>dc</strong></span> <span class='ocrx_word' id='word_1_192' title='bbox 155 3171 284 3248; x_wconf 87' lang='lat' dir='ltr'><strong>diebus</strong></span> <span class='ocrx_word' id='word_1_193' title='bbox 314 3172 495 3250; x_wconf 85' lang='lat' dir='ltr'><strong>consuetis</strong></span> <span class='ocrx_word' id='word_1_194' title='bbox 529 3174 577 3250; x_wconf 86' lang='lat' dir='ltr'><strong>ad</strong></span> <span class='ocrx_word' id='word_1_195' title='bbox 600 3171 761 3247; x_wconf 90' lang='lat' dir='ltr'><strong>mensam</strong></span> <span class='ocrx_word' id='word_1_196' title='bbox 792 3165 1017 3248; x_wconf 79' lang='lat' dir='ltr'><strong>Eucharisti-</strong></span> 
     </span>
     <span class='ocr_line' id='line_1_31' title="bbox 86 3265 1017 3374; baseline -0.006 -25"><span class='ocrx_word' id='word_1_197' title='bbox 86 3294 176 3349; x_wconf 79' lang='lat' dir='ltr'><strong>oam</strong></span> <span class='ocrx_word' id='word_1_198' title='bbox 205 3274 420 3368; x_wconf 84' lang='lat' dir='ltr'><strong>accedant3</strong></span> <span class='ocrx_word' id='word_1_199' title='bbox 458 3276 533 3349; x_wconf 91' lang='lat' dir='ltr'><strong>imo</strong></span> <span class='ocrx_word' id='word_1_200' title='bbox 557 3275 684 3374; x_wconf 79' lang='lat' dir='ltr'><strong>jubeat</strong></span> <span class='ocrx_word' id='word_1_201' title='bbox 721 3294 785 3349; x_wconf 89' lang='lat' dir='ltr'><strong>eas</strong></span> <span class='ocrx_word' id='word_1_202' title='bbox 813 3269 915 3352; x_wconf 87' lang='lat' dir='ltr'><strong>solito</strong></span> <span class='ocrx_word' id='word_1_203' title='bbox 941 3265 1017 3357; x_wconf 73' lang='lat' dir='ltr'><strong>fre·</strong></span> 
     </span>
     <span class='ocr_line' id='line_1_32' title="bbox 86 3368 1019 3485; baseline -0.009 -34"><span class='ocrx_word' id='word_1_204' title='bbox 86 3374 267 3474; x_wconf 77' lang='lat' dir='ltr'><strong>quentiae</strong></span> <span class='ocrx_word' id='word_1_205' title='bbox 290 3378 563 3479; x_wconf 77' lang='lat' dir='ltr'><strong>communicare</strong></span> <span class='ocrx_word' id='word_1_206' title='bbox 575 3429 590 3485; x_wconf 79' lang='lat' dir='ltr'><strong>t</strong></span> <span class='ocrx_word' id='word_1_207' title='bbox 623 3389 669 3476; x_wconf 76' lang='lat' dir='ltr'><strong>ut</strong></span> <span class='ocrx_word' id='word_1_208' title='bbox 692 3375 744 3455; x_wconf 80' lang='lat' dir='ltr'><strong>ad</strong></span> <span class='ocrx_word' id='word_1_209' title='bbox 768 3368 1019 3471; x_wconf 58' lang='lat' dir='ltr'><strong>exantlandae</strong></span> 
     </span>
    </p>
   </div>
   <div class='ocr_carea' id='block_1_2' title="bbox 871 3490 965 3585">
    <p class='ocr_par' dir='ltr' id='par_1_3' title="bbox 871 3490 965 3585">
     <span class='ocr_line' id='line_1_33' title="bbox 871 3490 965 3585; baseline 0 -35"><span class='ocrx_word' id='word_1_210' title='bbox 871 3490 965 3585; x_wconf 53' lang='grc' dir='ltr'><strong>ΒΨ.</strong></span> 
     </span>
    </p>
   </div>
   <div class='ocr_carea' id='block_1_3' title="bbox 0 0 1114 3870">
    <p class='ocr_par' dir='ltr' id='par_1_4' title="bbox 0 0 1114 3870">
     <span class='ocr_line' id='line_1_34' title="bbox 0 0 1114 3870; baseline 0 1"><span class='ocrx_word' id='word_1_211' title='bbox 0 0 1114 3870; x_wconf 95' lang='lat' dir='ltr'><strong> </strong></span> 
     </span>
    </p>
   </div>
  </div>
 </body>
</html>
