2100 3870
73 180 215 325 :effluo
261 188 509 323 purgationis
535 179 716 321 paffivae.
786 201 873 313 323

73 417 82 451 ,
105 370 152 435 ut
173 368 320 434 naturae
345 354 418 433 suae
437 380 513 432 non
525 357 637 432 modo
661 378 727 455 per
763 357 870 440 Ada.

73 456 220 539 matum
246 468 448 557 corruptae,
473 457 535 533 sed
559 454 751 537 multoties
783 454 853 562 pec

73 562 247 663 propriis,
287 583 332 636 ac
367 544 533 636 oriun'dis
572 562 707 637 exinde
744 566 873 665 pravis

73 664 272 741 tudinibus
296 662 418 739 adhuc
444 662 564 759 magis
584 664 871 761 perturbataein'·

73 766 207 863 itiones
232 763 304 840 rite
327 762 520 839 reformet:
546 766 645 840 unde
670 768 786 845 etiam
812 785 872 846 or-

73 869 105 945 is
141 867 274 966 gratiae
310 866 451 943 viribus
475 865 525 941 ad
548 866 678 943 infusae
703 883 872 948 contem·
917 858 922 871 ‘

73 970 123 1047 uis
145 972 285 1045 donum
310 965 381 1043 sese
404 968 582 1044 idoneum
606 970 760 1059 reddere
793 992 872 1053 non

73 1129 78 1148 .
128 1070 286 1151 Potente
313 1069 384 1145 Dei
409 1070 565 1146 dextera
587 1069 650 1146 hic
674 1096 767 1173 opus
792 1075 871 1165 est,

73 1196 123 1273 rer
147 1172 404 1274 purgationes,
430 1192 524 1267 quas
548 1170 693 1271 mystici
729 1176 873 1279 pnffioar

73 1290 147 1364 ant,
174 1274 415 1364 inordinatae,
441 1297 487 1349 ac
519 1286 701 1375 corruptae
725 1292 874 1355 naturae
914 1288 917 1297 '

73 1379 250 1455 nationem
275 1375 486 1474 compleat,
511 1373 551 1453 δι
576 1374 772 1457 hominem
799 1378 874 1455 hac

73 1505 94 1557 ‚e
117 1481 166 1559 ad
189 1478 336 1555 divinas
371 1478 727 1554 communicationes
740 1494 873 1579 aptum

73 1593 107 1659 t..
142 1579 298 1659 'Paffivae
322 1578 385 1656 hae
409 1581 668 1679 purgationes,
695 1581 874 1681 utsupra

73 1685 259 1773 eruimur,
284 1680 481 1759 consistunt
505 1685 546 1759 in
569 1682 718 1783 cumulo
741 1683 876 1783 ingen·

84 1787 318 1875 ariditatum,
349 1783 577 1862 insolitarum
601 1785 873 1879 tentationum,

73 1887 179 1965 nrum
214 1902 295 1965 tam
329 1898 587 1977 externarum,
622 1910 734 1985 quam
758 1886 876 1966 inter·

73 2013 89 2067 n
116 1988 420 2079 tribulationum,
455 2011 548 2086 quas
583 1990 687 2066 Deus
712 2013 779 2091 per
809 2013 876 2090 pe*

73 2116 128 2196 ern
151 2091 423 2194 providentiam
448 2117 534 2169 eum
559 2092 597 2168 in
610 2091 877 2169 finemimmit-

73 2209 91 2271 ,t
110 2195 276 2274 violento
301 2195 463 2289 quodam
476 2195 586 2270 modo
603 2195 750 2285 rebellis
763 2202 878 2295 appe&

74 2297 207 2375 rationi
231 2295 464 2395 subjiciatur,
491 2294 725 2374 habitus‘vel
756 2292 898 2377 vitiosa.

73 2397 252 2500 mperfedi
292 2399 545 2488 eradicentur,
571 2397 611 2475 dr
636 2396 880 2497 inordinatio·

73 2515 180 2579 tturae
191 2501 443 2598 corrigantur:
472 2503 525 2597 ita
538 2513 582 2577 ut
603 2498 881 2601 subjei'tumbe·
958 2536 961 2543 ·

73 2607 274 2690 iboratum,
300 2604 414 2681 &ad
440 2603 638 2679 caelestium
652 2600 883 2701 contempla·

73 2732 101 2783 n
136 2705 301 2783 influxus
330 2706 402 2781 rite
438 2721 686 2804 praeparatum
712 2704 882 2780 invenia-

80 2807 204 2888 Verbo
229 2807 320 2886 ficut
344 2810 468 2885 anima
496 2806 708 2906 imperfetia
734 2807 783 2883 ad
805 2806 885 2881 ue·

73 2911 219 2990 'evelata
259 2908 355 2987 facie
405 2912 663 2999 intuendum,
713 2933 758 2986 ac
812 2902 885 2982 sese

73 3039 92 3111 t
119 3006 292 3094 beatifico
326 3013 365 3090 in
399 3037 487 3090 eum
521 3010 886 3110 transformandam,

73 3140 141 3196 :em
179 3115 339 3216 patriam
378 3114 495 3194 subire
533 3139 608 3191 non
631 3112 767 3213 potest;
795 3108 888 3206 quin

84 3218 274 3299 iustricum
299 3220 425 3317 ignem
452 3216 659 3305 transterit,
686 3213 724 3293 u
752 3237 773 3289 a
813 3208 889 3284 suis

73 3323 159 3441 evis
183 3316 380 3424 repurgata
406 3318 540 3407 fuerit:
566 3316 614 3394 fic
639 3340 709 3394 nec
741 3315 781 3390 in
815 3309 890 3384 hac

78 3444 208 3544 amma
243 3446 309 3543 per
337 3424 693 3617 contemplationem
715 3415 891 3619 Dexo&-

213 3554 216 3563 .
352 3550 456 3617 μὶ
671 3552 674 3557 ‚
867 3562 870 3567 ⁴
