2100 3870
45 37 51 89 r

45 104 48 138 Ι
199 189 394 335 Μία
429 220 504 329 pro
528 184 736 293 diradare.
907 212 971 331 79'

12 361 42 441 n
75 362 371 487 perioffioresiiii,
394 360 434 439 in
451 362 586 459 quibus
604 354 739 441 animae
758 389 856 444 nexu
871 372 971 467 quali

12 491 40 541 nr
71 466 280 571 nseparabib
309 488 396 540 cum
445 466 527 539 Deo
552 465 824 567 conjunguntur
832 494 843 563 ;
885 498 971 555 cum

12 593 45 668 e,
72 574 165 649 anina
192 569 305 646 enim
332 586 397 665 per
420 564 592 643 sublimes
616 567 686 643 hos
711 566 856 646 favores
884 597 972 657 cum

12 674 40 745 ri
73 674 127 749 bio
143 671 270 759 uniri,
294 669 373 745 imo
387 667 428 742 in
444 690 531 744 eum
549 670 801 746 transibrmari
826 676 971 771 debeat,

11 798 29 847 a
71 798 113 851 nr
139 770 334 872 impertiri
359 794 435 845 non
460 770 652 863 convenit,
678 772 896 869 priusquam*
916 802 973 869 ea,

11 896 41 978 ε,
67 890 225 973 quantum
253 869 401 967 fragilis
427 884 558 946 natura
582 871 701 947 nostra
725 878 973 971 patitur,ma·

11 988 42 1051 ai
67 1000 129 1075 με
150 973 397 1075 perfettionis
423 970 678 1047 consecutione
703 976 783 1050 Deo
808 977 843 1052 se
877 978 974 1057 simi·

22 1101 39 1153 r
68 1080 120 1155 bn
138 1074 362 1155 reddiderit.
409 1072 509 1150 Aliae
535 1074 620 1149 dein
670 1076 805 1152 dantur
827 1082 969 1176 gratiae,

11 1202 39 1257 :n
69 1200 128 1275 qnae
158 1180 200 1255 in
229 1174 412 1277 subjeiio,
448 1175 546 1272 quod
586 1199 652 1251 eas
677 1179 823 1275 recipit,
854 1184 970 1279 perse-

69 1280 199 1357 tionem
222 1302 308 1354 non
332 1276 544 1371 requirunt:
571 1274 632 1351 sed
649 1278 734 1353 ideo
753 1280 869 1356 aDeo
882 1308 970 1359 con·

42 1386 261 1469 reduntur,
299 1393 344 1453 ut
388 1377 584 1477 subjestum
621 1378 855 1481 perficiatur:
882 1387 971 1479 qnia

10 1492 46 1563 ai
75 1484 173 1577 prtiae
202 1482 290 1559 istae
315 1480 479 1557 animam
503 1502 589 1556 cum
615 1480 695 1556 Deo
717 1507 791 1559 non
818 1484 969 1583 conjun-

10 1612 47 1663 η
83 1598 159 1677 gni,
180 1584 252 1661 sed
281 1594 403 1657 certas
428 1580 573 1657 divinas
586 1639 602 1669 ,,
619 1583 752 1678 quibus
780 1584 908 1661 illaad
931 1584 971 1663 e·'

11 1690 48 1765 so
85 1680 205 1780 iimodi
249 1680 429 1759 unionem
453 1680 592 1781 disponi
633 1684 780 1783 incipit,
815 1688 971 1786 qualita-

10 1806 50 1866 ιιι
87 1796 128 1859 tn
151 1784 375 1863 solummodo
407 1783 448 1859 in
488 1804 535 1861 ea
568 1783 788 1881 relinquunt.
846 1790 970 1888 Hujus

12 1888 56 1967 ri'
84 1886 262 1983 posterioris
297 1886 443 1983 generis
475 1884 558 1962 sunt
601 1884 756 1964 visiones
782 1888 969 1989 speciatim

10 1997 53 2069 'td
83 2006 260 2087 corporeae,
289 2008 374 2083 quae
410 1986 528 2061 oculis
563 1986 800 2085 objiciuntur:
826 1990 902 2067 istae
930 2015 969 2067 e·

10 2110 55 2170 mi
84 2090 138 2165 iim
158 2089 442 2188 incipientibus,
468 2089 530 2183 qui
557 2110 733 2183 magnum
757 2092 795 2165 in
813 2094 874 2167 via
887 2114 968 2191 per·

9 2214 56 2273 int
84 2186 218 2267 iffionis
262 2187 482 2290 progressum
510 2193 673 2266 nondum
704 2190 890 2282 fecerunt,
924 2208 970 2271 ut

23 2290 256 2387 diutinum
291 2291 469 2390 impertiri
507 2290 632 2367 solent.
694 2294 971 2393 Quaproptersi

9 2426 57 2475 rc·
89 2390 209 2469 instor
234 2412 242 2471 3
266 2393 467 2493 dijudicare
502 2393 620 2485 velit,
655 2418 745 2469 num
790 2394 972 2494 ejusmodi

9 2506 58 2576 ‚tio
90 2496 187 2587 bitiae
223 2495 284 2571 vel
320 2518 344 2570 a
381 2493 462 2570 Deo
504 2494 564 2569 vel
611 2497 656 2570 ab
700 2496 780 2593 ejus
821 2497 972 2573 inimico

9 2624 58 2677 m
90 2594 346 2689 proficiscantur,
379 2620 456 2671 non
488 2608 567 2671 tam
599 2597 639 2671 in
667 2596 759 2673 statu
785 2598 972 2695 persedio·

25 2730 58 2781 a·
92 2694 143 2787 is,
184 2718 297 2795 quem
341 2697 465 2774 anima
502 2699 657 2793 attigit,
702 2698 971 2789 considerando,

25 2832 57 2881 o
92 2812 169 2891 prm
203 2802 246 2875 in
270 2795 468 2887 effectibus,
496 2820 589 2894 quos
614 2800 851 2894 relinquunt,
881 2824 972 2898 pon·

8 2904 70 3000 ἐἰη
92 2896 231 2978 bandis
255 2898 291 2974 se
315 2900 489 2977 detineat.
541 2900 724 2979 Advertat
749 2902 792 2975 E.
819 2924 854 2997 g.
883 2922 975 2977 num

8 3028 68 3083 :ur¹
92 3002 319 3179 fflvisrones
343 3003 522 3077 humilem
545 3001 584 3077 dr
610 3001 811 3077 submissam
838 3000 890 3078 sui
918 3003 974 3101 ip·

17 3124 56 3185 ut
154 3103 407 3202 cognitionem
431 3104 469 3177 in
498 3125 543 3178 ea
577 3102 761 3179 inveniat:
799 3126 889 3177 num
926 3105 976 3179 ad

13 3234 54 3289 ea
88 3196 257 3307 biipsrus
283 3202 323 3280 δι
353 3202 552 3303 passionum
592 3203 736 3281 suarum
772 3206 978 3300 castigatio·

14 3338 54 3389 u⁴
87 3324 147 3383 rem
179 3307 226 3385 sit
259 3304 471 3392 animosior,
511 3306 558 3382 ad
579 3304 826 3381 obedientiam
856 3328 977 3402 prom·

7 3416 52 3493 'nn
87 3404 153 3503 in,
173 3410 228 3490 ad
252 3408 476 3512 patiendum
497 3407 681 3515 paratior,
710 3405 861 3505 majoris
887 3415 989 3505 ergo,

852 3530 942 3617 pro·
