2220 3870
214 195 411 338 prat‘iica
428 228 505 338 pro
525 193 785 305 direfflorts.
876 212 930 312 58

61 367 194 463 svipum
252 369 440 449 servitium
502 369 741 448 concernenti
803 372 966 467 negotio·

61 471 186 548 ficium
226 471 332 549 suum
366 473 492 550 exuste
518 473 743 572 adimplendi
784 475 956 550 volunta·-

61 597 105 647 ιιι
137 574 323 670 elargitur.
401 576 573 653 Secundo
592 588 757 673 propter
771 573 953 672 ligamen,

61 699 99 750 ιο
125 675 226 752 Deus
254 697 385 752 ornnes
409 675 490 776 ejus'
513 689 593 753 tarn
617 677 817 754 rationales
841 692 956 774 quarn

61 776 209 853 nsrtivas
243 778 432 875 potentias
466 777 689 876 constringit.
754 777 828 854 Hic
861 802 956 877 pon·

61 878 146 953 orari
171 889 343 976 oportet,
368 882 467 976 quod
500 879 653 968 omnia,
690 893 870 976 quotquot
914 881 992 958 in*

61 978 193 1059 aesenti
216 980 319 1057 vita
327 982 599 1068 admittuntur,
625 995 781 1082 peccata
812 1005 857 1058 ac
890 982 957 1062 de
1009 1005 1011 1010 ·

63 1080 140 1155 itus
167 1104 190 1158 a
206 1104 328 1193 pravo
367 1084 615 1182 potentiarum
653 1083 856 1159 nostrarum
888 1082 962 1160 usu

60 1176 307 1260 ·oficisca'.ntur
382 1185 586 1261 Peccamus
632 1185 733 1260 enim
764 1183 826 1260 vel
866 1187 955 1280 quia

61 1283 220 1359 itiocinio
262 1286 480 1363 intellectus
504 1300 572 1362 aut
616 1287 786 1364 arbritrio
823 1286 956 1361 volun-

61 1385 131 1465 tis
151 1385 247 1462 male
276 1387 454 1477 utimur,
471 1386 549 1464 vel
574 1389 662 1484 quia
696 1385 855 1462 senfitivi
887 1411 955 1486 ap-

61 1485 162 1562 uitus
191 1445 494 1565 inclinationibus
530 1513 600 1564 nos
631 1489 671 1573 in
705 1487 955 1566 transversum

61 1588 283 1685 pipatimur.
340 1589 449 1666 Unde
474 1589 730 1686 consequitur,
758 1591 857 1685 quod
887 1591 955 1666 ob·

61 1691 218 1766 nebrato
264 1690 475 1780 intellettu,
511 1691 691 1809 irnpedita
736 1678 957 1790 phantasia,

61 1789 244 1879 afrenata,
280 1791 436 1880 afflifta,
466 1816 512 1869 ac
545 1793 585 1870 in
626 1791 699 1868 suis
732 1789 956 1883 affet'tibus,

61 1893 114 1967 ain
138 1893 217 1973 ulli
236 1893 291 1970 rei
313 1894 424 1970 inniti
458 1892 591 1993 poffit,
614 1893 799 1970 coartiata
824 1892 956 1970 volun-

61 2005 132 2084 te,
158 1992 198 2071 &
219 1995 368 2093 penitus
405 1995 610 2073 arefasto
599 2019 640 2074 ιιι
671 1995 843 2072 omnibus
878 1994 957 2071 suis

61 2117 107 2170 ιιι
148 2097 285 2173 divinis
331 2120 444 2193 quam
491 2100 648 2173 terrenis
688 2095 957 2174 affeuionbus

61 2195 191 2272 nfitivo
218 2199 383 2296 appetitu
408 2197 528 2295 (quae
554 2200 680 2274 omnia
704 2198 744 2273 in
770 2198 842 2274 hac
868 2220 956 2296 pur·
1028 2288 1032 2301 ,

61 2299 175 2373 itione
229 2299 496 2396 contingunt)
551 2298 692 2375 sublata
749 2296 793 2374 fit
845 2299 956 2380 radix
988 2308 1028 2385 J

61 2416 136 2495 :que
176 2399 278 2496 origo
312 2401 479 2475 omniurn
519 2414 757 2498 peccatorum
803 2423 849 2477 ac
890 2400 956 2475 de·

61 2501 208 2590 uuum,
232 2500 296 2596 qui
330 2523 379 2576 ex
411 2499 588 2576 ditiorum
623 2502 872 2600 potentiarum
907 2501 969 2598 ιιι

61 2616 201 2689 ntate,
253 2600 437 2701 hujusque
486 2602 586 2678 malo
631 2600 697 2678 usu
741 2602 953 2681 nascuntur.

61 2717 73 2778 t
119 2699 270 2801 reaps
290 2704 381 2779 dicit
420 2702 562 2779 santius
601 2702 758 2806 prppriae
799 2705 954 2780 innixus

61 2805 285 2901 :perientiae,
320 2805 419 2903 quod
459 2802 639 2881 senfitivae
686 2807 864 2902 potentiae
908 2806 952 2883 in

61 2929 94 2980 rc
127 2905 223 2982 statu
257 2907 307 2983 ad
341 2906 488 2983 inutilia
524 2930 570 2984 ac
604 2926 703 2983 vana
737 2905 846 2983 valde
885 2917 958 3004 pai

61 3029 104 3081 ,ιιι
141 3008 359 3087 divertant:
383 3010 558 3105 quodque
580 3005 785 3106 spirituales
819 3017 953 3123 poten-

61 3130 85 3182 ιι
124 3109 171 3185 ab
200 3111 302 3185 omni
338 3134 436 3186 vana
482 3109 626 3206 gloria,
655 3108 702 3186 ab
737 3109 840 3183 omni
886 3130 952 3183 ca

61 3233 119 3284 ico
146 3209 296 3305 gaudio
312 3210 352 3288 δι
374 3234 398 3288 a
424 3213 556 3309 quovis
585 3200 661 3288 olio
693 3208 836 3286 defettu
870 3207 952 3285 val

61 3324 255 3387 iremotae
295 3310 376 3387 fint.
448 3311 509 3391 lta
533 3325 576 3388 ut
607 3309 797 3388 manifeste
833 3331 949 3407 appa·

61 3425 127 3510 ιι,
152 3413 390 3516 quququa
404 3410 570 3495 animam
594 3425 802 3509 uomet,
809 3407 849 3488 δι
882 3430 973 3508 per,

100 3570 145 3591 .,
357 3500 586 3614 ‚004
690 3555 694 3567 «
781 3516 908 3603 tent·
