<?xml version="1.0" encoding="UTF-8"?>
<!DOCTYPE html PUBLIC "-//W3C//DTD XHTML 1.0 Transitional//EN"
    "http://www.w3.org/TR/xhtml1/DTD/xhtml1-transitional.dtd">
<html xmlns="http://www.w3.org/1999/xhtml" xml:lang="en" lang="en">
 <head>
  <title>
</title>
<meta http-equiv="Content-Type" content="text/html;charset=utf-8" />
  <meta name='ocr-system' content='tesseract 3.04.00' />
  <meta name='ocr-capabilities' content='ocr_page ocr_carea ocr_par ocr_line ocrx_word'/>
</head>
<body>
  <div class='ocr_page' id='page_1' title='image "./directoriummyst00scargoog_0161.png"; bbox 0 0 2220 3870; ppageno 0'>
   <div class='ocr_carea' id='block_1_1' title="bbox 95 54 935 258">
    <p class='ocr_par' dir='ltr' id='par_1_1' title="bbox 95 54 991 258">
     <span class='ocr_line' id='line_1_1' title="bbox 95 54 935 258; baseline -0.021 -25"><span class='ocrx_word' id='word_1_1' title='bbox 95 141 181 252; x_wconf 81' lang='lat'>146</span> <span class='ocrx_word' id='word_1_2' title='bbox 250 54 318 224; x_wconf 62' lang='lat' dir='ltr'>Tr,</span> <span class='ocrx_word' id='word_1_3' title='bbox 358 121 432 223; x_wconf 85' lang='lat' dir='ltr'>IV.</span> <span class='ocrx_word' id='word_1_4' title='bbox 469 125 570 258; x_wconf 73' lang='lat' dir='ltr'>Cap.</span> <span class='ocrx_word' id='word_1_5' title='bbox 601 116 669 246; x_wconf 94' lang='lat' dir='ltr'><em>X</em></span> <span class='ocrx_word' id='word_1_6' title='bbox 704 114 809 251; x_wconf 77' lang='lat' dir='ltr'>Vifio</span> <span class='ocrx_word' id='word_1_7' title='bbox 846 92 935 217; x_wconf 77' lang='lat' dir='ltr'>Da·</span> 
     </span>
    </p>
   </div>
   <div class='ocr_carea' id='block_1_2' title="bbox 1 284 1012 3219">
    <p class='ocr_par' dir='ltr' id='par_1_2' title="bbox 29 284 1009 507">
     <span class='ocr_line' id='line_1_2' title="bbox 29 284 1007 383; baseline -0.017 1"><span class='ocrx_word' id='word_1_8' title='bbox 29 288 58 309; x_wconf 59' lang='lat'>&#39;&#39;</span> <span class='ocrx_word' id='word_1_9' title='bbox 98 306 180 383; x_wconf 78' lang='lat'>126.</span> <span class='ocrx_word' id='word_1_10' title='bbox 259 284 359 372; x_wconf 76' lang='lat' dir='ltr'>ustor</span> <span class='ocrx_word' id='word_1_11' title='bbox 382 290 590 370; x_wconf 69' lang='lat' dir='ltr'>vitio&#39;mihi</span> <span class='ocrx_word' id='word_1_12' title='bbox 615 316 690 368; x_wconf 91' lang='lat' dir='ltr'>non</span> <span class='ocrx_word' id='word_1_13' title='bbox 715 288 1007 378; x_wconf 84' lang='lat' dir='ltr'>vertat,sihanc</span> 
     </span>
     <span class='ocr_line' id='line_1_3' title="bbox 296 390 1009 507; baseline -0.003 -36"><span class='ocrx_word' id='word_1_14' title='bbox 296 394 409 494; x_wconf 86' lang='lat' dir='ltr'>ipsam</span> <span class='ocrx_word' id='word_1_15' title='bbox 434 395 654 480; x_wconf 74' lang='lat' dir='ltr'>doiirsnam,</span> <span class='ocrx_word' id='word_1_16' title='bbox 689 391 752 468; x_wconf 86' lang='lat' dir='ltr'>etsi</span> <span class='ocrx_word' id='word_1_17' title='bbox 790 390 1009 507; x_wconf 72' lang='lat' dir='ltr'>sufficienter</span> 
     </span>
    </p>

    <p class='ocr_par' dir='ltr' id='par_1_3' title="bbox 89 494 1012 1509">
     <span class='ocr_line' id='line_1_4' title="bbox 92 494 1008 610; baseline -0.013 -27"><span class='ocrx_word' id='word_1_18' title='bbox 92 502 278 585; x_wconf 84' lang='lat' dir='ltr'>declarata</span> <span class='ocrx_word' id='word_1_19' title='bbox 302 497 492 585; x_wconf 87' lang='lat' dir='ltr'>videatur,</span> <span class='ocrx_word' id='word_1_20' title='bbox 517 496 638 572; x_wconf 89' lang='lat' dir='ltr'>denuo</span> <span class='ocrx_word' id='word_1_21' title='bbox 655 495 866 570; x_wconf 91' lang='lat' dir='ltr'>minutatim</span> <span class='ocrx_word' id='word_1_22' title='bbox 883 494 1008 610; x_wconf 82' lang='lat' dir='ltr'>adhuc</span> 
     </span>
     <span class='ocr_line' id='line_1_5' title="bbox 92 596 1009 712; baseline -0.004 -37"><span class='ocrx_word' id='word_1_23' title='bbox 92 604 213 701; x_wconf 81' lang='lat' dir='ltr'>magis</span> <span class='ocrx_word' id='word_1_24' title='bbox 239 599 450 685; x_wconf 87' lang='lat' dir='ltr'>enucleem,</span> <span class='ocrx_word' id='word_1_25' title='bbox 469 611 519 674; x_wconf 87' lang='lat' dir='ltr'>&#39;ut</span> <span class='ocrx_word' id='word_1_26' title='bbox 544 597 634 672; x_wconf 88' lang='lat' dir='ltr'>nulli</span> <span class='ocrx_word' id='word_1_27' title='bbox 657 620 732 673; x_wconf 87' lang='lat' dir='ltr'>non</span> <span class='ocrx_word' id='word_1_28' title='bbox 749 596 864 679; x_wconf 88' lang='lat' dir='ltr'>etiam</span> <span class='ocrx_word' id='word_1_29' title='bbox 889 596 1009 712; x_wconf 77' lang='lat' dir='ltr'>niedi-</span> 
     </span>
     <span class='ocr_line' id='line_1_6' title="bbox 91 695 1010 813; baseline -0.012 -30"><span class='ocrx_word' id='word_1_30' title='bbox 91 709 187 784; x_wconf 89' lang='lat' dir='ltr'>ocris</span> <span class='ocrx_word' id='word_1_31' title='bbox 212 704 395 779; x_wconf 83' lang='lat' dir='ltr'>duntaxat</span> <span class='ocrx_word' id='word_1_32' title='bbox 419 697 702 801; x_wconf 81' lang='lat' dir='ltr'>perspicacitatis</span> <span class='ocrx_word' id='word_1_33' title='bbox 718 695 1010 813; x_wconf 75' lang='lat' dir='ltr'>intellestuiper·</span> 
     </span>
     <span class='ocr_line' id='line_1_7' title="bbox 90 797 1011 918; baseline -0.012 -34"><span class='ocrx_word' id='word_1_34' title='bbox 90 809 214 907; x_wconf 90' lang='lat' dir='ltr'>spicua</span> <span class='ocrx_word' id='word_1_35' title='bbox 235 802 315 881; x_wconf 80' lang='lat' dir='ltr'>siat.</span> <span class='ocrx_word' id='word_1_36' title='bbox 366 801 493 897; x_wconf 89' lang='lat' dir='ltr'>ltaque</span> <span class='ocrx_word' id='word_1_37' title='bbox 520 825 567 876; x_wconf 84' lang='lat' dir='ltr'>ex</span> <span class='ocrx_word' id='word_1_38' title='bbox 592 800 785 916; x_wconf 40' lang='lat' dir='ltr'>hastenus·</span> <span class='ocrx_word' id='word_1_39' title='bbox 800 797 915 915; x_wconf 39' lang='lat' dir='ltr'>distis·</span> <span class='ocrx_word' id='word_1_40' title='bbox 944 798 1011 918; x_wconf 66' lang='lat' dir='ltr'>rie·</span> 
     </span>
     <span class='ocr_line' id='line_1_8' title="bbox 91 899 1008 1017; baseline -0.012 -31"><span class='ocrx_word' id='word_1_41' title='bbox 91 913 227 995; x_wconf 89' lang='lat' dir='ltr'>duces,</span> <span class='ocrx_word' id='word_1_42' title='bbox 253 906 301 981; x_wconf 89' lang='lat' dir='ltr'>ad</span> <span class='ocrx_word' id='word_1_43' title='bbox 335 899 616 978; x_wconf 73' lang='lat' dir='ltr'>intellestualem</span> <span class='ocrx_word' id='word_1_44' title='bbox 647 901 758 1017; x_wconf 38' lang='lat' dir='ltr'>hanc·</span> <span class='ocrx_word' id='word_1_45' title='bbox 775 899 1008 998; x_wconf 67' lang='lat' dir='ltr'>in‚caligine</span> 
     </span>
     <span class='ocr_line' id='line_1_9' title="bbox 90 1001 1010 1099; baseline -0.009 -12"><span class='ocrx_word' id='word_1_46' title='bbox 90 1009 267 1089; x_wconf 77' lang='lat' dir='ltr'>visionem</span> <span class='ocrx_word' id='word_1_47' title='bbox 291 1005 522 1081; x_wconf 84' lang='lat' dir='ltr'><strong>formandam</strong></span> <span class='ocrx_word' id='word_1_48' title='bbox 545 1004 617 1079; x_wconf 89' lang='lat' dir='ltr'>tria</span> <span class='ocrx_word' id='word_1_49' title='bbox 628 1004 773 1099; x_wconf 86' lang='lat' dir='ltr'>requiri.</span> <span class='ocrx_word' id='word_1_50' title='bbox 826 1001 952 1079; x_wconf 81' lang='lat' dir='ltr'>Primo</span> <span class='ocrx_word' id='word_1_51' title='bbox 965 1015 1010 1080; x_wconf 88' lang='lat' dir='ltr'>ut</span> 
     </span>
     <span class='ocr_line' id='line_1_10' title="bbox 91 1102 1009 1220; baseline -0.008 -31"><span class='ocrx_word' id='word_1_52' title='bbox 91 1113 217 1190; x_wconf 87' lang='lat' dir='ltr'>anima</span> <span class='ocrx_word' id='word_1_53' title='bbox 240 1109 282 1184; x_wconf 88' lang='lat' dir='ltr'>iii</span> <span class='ocrx_word' id='word_1_54' title='bbox 305 1107 377 1181; x_wconf 92' lang='lat' dir='ltr'>hoc</span> <span class='ocrx_word' id='word_1_55' title='bbox 402 1105 579 1181; x_wconf 88' lang='lat' dir='ltr'>orationis</span> <span class='ocrx_word' id='word_1_56' title='bbox 603 1109 721 1203; x_wconf 86' lang='lat' dir='ltr'>gradu</span> <span class='ocrx_word' id='word_1_57' title='bbox 746 1102 860 1220; x_wconf 81' lang='lat' dir='ltr'>posita</span> <span class='ocrx_word' id='word_1_58' title='bbox 884 1105 1009 1182; x_wconf 89' lang='lat' dir='ltr'>Deum</span> 
     </span>
     <span class='ocr_line' id='line_1_11' title="bbox 89 1204 1011 1306; baseline -0.009 -15"><span class='ocrx_word' id='word_1_59' title='bbox 89 1238 167 1291; x_wconf 87' lang='lat' dir='ltr'>non</span> <span class='ocrx_word' id='word_1_60' title='bbox 192 1208 386 1306; x_wconf 84' lang='lat' dir='ltr'>cognoscat</span> <span class='ocrx_word' id='word_1_61' title='bbox 406 1229 471 1306; x_wconf 88' lang='lat' dir='ltr'>per</span> <span class='ocrx_word' id='word_1_62' title='bbox 494 1205 596 1281; x_wconf 89' lang='lat' dir='ltr'>viam</span> <span class='ocrx_word' id='word_1_63' title='bbox 613 1258 617 1264; x_wconf 80' lang='lat'><strong>·</strong></span> <span class='ocrx_word' id='word_1_64' title='bbox 633 1204 921 1283; x_wconf 82' lang='lat' dir='ltr'>affirmationum</span> <span class='ocrx_word' id='word_1_65' title='bbox 943 1229 1011 1306; x_wconf 89' lang='lat' dir='ltr'>po·</span> 
     </span>
     <span class='ocr_line' id='line_1_12' title="bbox 91 1305 1012 1424; baseline -0.008 -32"><span class='ocrx_word' id='word_1_66' title='bbox 91 1315 196 1401; x_wconf 85' lang='lat' dir='ltr'>sitive</span> <span class='ocrx_word' id='word_1_67' title='bbox 226 1309 413 1397; x_wconf 82' lang='lat' dir='ltr'>dicendo,</span> <span class='ocrx_word' id='word_1_68' title='bbox 450 1310 549 1403; x_wconf 91' lang='lat' dir='ltr'>quod</span> <span class='ocrx_word' id='word_1_69' title='bbox 580 1305 649 1385; x_wconf 59' lang='lat' dir='ltr'>sit*</span> <span class='ocrx_word' id='word_1_70' title='bbox 679 1310 822 1393; x_wconf 91' lang='lat' dir='ltr'>bonus,</span> <span class='ocrx_word' id='word_1_71' title='bbox 846 1307 1012 1424; x_wconf 76' lang='lat' dir='ltr'>sansius,</span> 
     </span>
     <span class='ocr_line' id='line_1_13' title="bbox 91 1409 1011 1509; baseline -0.003 -17"><span class='ocrx_word' id='word_1_72' title='bbox 91 1409 406 1493; x_wconf 65' lang='lat' dir='ltr'>misericoraiae.</span> <span class='ocrx_word' id='word_1_73' title='bbox 442 1409 503 1484; x_wconf 88' lang='lat' dir='ltr'>sed</span> <span class='ocrx_word' id='word_1_74' title='bbox 541 1432 606 1509; x_wconf 90' lang='lat' dir='ltr'>per</span> <span class='ocrx_word' id='word_1_75' title='bbox 640 1409 742 1487; x_wconf 86' lang='lat' dir='ltr'>viam</span> <span class='ocrx_word' id='word_1_76' title='bbox 767 1424 1011 1506; x_wconf 76' lang='lat' dir='ltr'>negationum</span> 
     </span>
    </p>

    <p class='ocr_par' dir='ltr' id='par_1_4' title="bbox 1 1505 1012 1997">
     <span class='ocr_line' id='line_1_14' title="bbox 1 1505 1012 1627; baseline -0.004 -34"><span class='ocrx_word' id='word_1_77' title='bbox 1 1533 3 1571; x_wconf 77' lang='lat'>³</span> <span class='ocrx_word' id='word_1_78' title='bbox 90 1513 354 1610; x_wconf 87' lang='lat' dir='ltr'>intelligendo,</span> <span class='ocrx_word' id='word_1_79' title='bbox 381 1510 481 1606; x_wconf 89' lang='lat' dir='ltr'>quod</span> <span class='ocrx_word' id='word_1_80' title='bbox 504 1510 543 1586; x_wconf 92' lang='lat' dir='ltr'>iii</span> <span class='ocrx_word' id='word_1_81' title='bbox 570 1533 615 1586; x_wconf 89' lang='lat' dir='ltr'>eo</span> <span class='ocrx_word' id='word_1_82' title='bbox 649 1512 834 1627; x_wconf 77' lang='lat' dir='ltr'>equidem.</span> <span class='ocrx_word' id='word_1_83' title='bbox 852 1505 897 1587; x_wconf 85' lang='lat' dir='ltr'>sit</span> <span class='ocrx_word' id='word_1_84' title='bbox 914 1536 1012 1590; x_wconf 55' lang='lat' dir='ltr'>-ome</span> 
     </span>
     <span class='ocr_line' id='line_1_15' title="bbox 91 1610 1009 1711; baseline -0.001 -17"><span class='ocrx_word' id='word_1_85' title='bbox 91 1619 151 1694; x_wconf 89' lang='lat' dir='ltr'>iiis</span> <span class='ocrx_word' id='word_1_86' title='bbox 177 1615 344 1699; x_wconf 87' lang='lat' dir='ltr'>bonitas,</span> <span class='ocrx_word' id='word_1_87' title='bbox 371 1610 410 1687; x_wconf 74' lang='grc' dir='ltr'>ἀ</span> <span class='ocrx_word' id='word_1_88' title='bbox 436 1611 558 1687; x_wconf 86' lang='lat' dir='ltr'>omnis</span> <span class='ocrx_word' id='word_1_89' title='bbox 583 1611 771 1711; x_wconf 68' lang='lat' dir='ltr'>perfessio,</span> <span class='ocrx_word' id='word_1_90' title='bbox 796 1625 1009 1693; x_wconf 82' lang='lat' dir='ltr'>nontamen</span> 
     </span>
     <span class='ocr_line' id='line_1_16' title="bbox 90 1712 1010 1825; baseline -0.001 -31"><span class='ocrx_word' id='word_1_91' title='bbox 90 1717 205 1804; x_wconf 88' lang='lat' dir='ltr'>talis,</span> <span class='ocrx_word' id='word_1_92' title='bbox 243 1712 390 1808; x_wconf 89' lang='lat' dir='ltr'>qualem</span> <span class='ocrx_word' id='word_1_93' title='bbox 429 1713 667 1805; x_wconf 82' lang='lat' dir='ltr'>caecutientes</span> <span class='ocrx_word' id='word_1_94' title='bbox 706 1714 835 1790; x_wconf 80' lang='lat' dir='ltr'>nostrae</span> <span class='ocrx_word' id='word_1_95' title='bbox 861 1730 1010 1825; x_wconf 75' lang='lat' dir='ltr'>mentes</span> 
     </span>
     <span class='ocr_line' id='line_1_17' title="bbox 59 1811 1010 1913; baseline 0.006 -23"><span class='ocrx_word' id='word_1_96' title='bbox 59 1832 222 1913; x_wconf 78' lang='lat' dir='ltr'>&#39;capere</span> <span class='ocrx_word' id='word_1_97' title='bbox 246 1811 407 1910; x_wconf 75' lang='lat' dir='ltr'>possunt,</span> <span class='ocrx_word' id='word_1_98' title='bbox 439 1811 499 1888; x_wconf 90' lang='lat' dir='ltr'>sed</span> <span class='ocrx_word' id='word_1_99' title='bbox 525 1837 673 1895; x_wconf 86' lang='lat' dir='ltr'>omnem</span> <span class='ocrx_word' id='word_1_100' title='bbox 699 1816 917 1913; x_wconf 81' lang='lat' dir='ltr'>cogitatum·</span> <span class='ocrx_word' id='word_1_101' title='bbox 940 1828 1010 1896; x_wconf 62' lang='lat' dir='ltr'>noi</span> 
     </span>
     <span class='ocr_line' id='line_1_18' title="bbox 89 1910 1010 1997; baseline 0 -8"><span class='ocrx_word' id='word_1_102' title='bbox 89 1917 203 1994; x_wconf 85' lang='lat' dir='ltr'>strum</span> <span class='ocrx_word' id='word_1_103' title='bbox 228 1910 371 1985; x_wconf 79' lang='lat' dir='ltr'>infinite</span> <span class='ocrx_word' id='word_1_104' title='bbox 390 1911 593 1987; x_wconf 78' lang='lat' dir='ltr'>excedens.</span> <span class='ocrx_word' id='word_1_105' title='bbox 645 1914 729 1990; x_wconf 92' lang='lat' dir='ltr'>Hoc</span> <span class='ocrx_word' id='word_1_106' title='bbox 754 1931 880 1997; x_wconf 83' lang='lat' dir='ltr'>tamen</span> <span class='ocrx_word' id='word_1_107' title='bbox 916 1942 1010 1997; x_wconf 66' lang='lat' dir='ltr'>nona</span> 
     </span>
    </p>

    <p class='ocr_par' dir='ltr' id='par_1_5' title="bbox 47 1987 1009 2223">
     <span class='ocr_line' id='line_1_19' title="bbox 47 1987 1009 2116; baseline 0.007 -22"><span class='ocrx_word' id='word_1_108' title='bbox 47 1987 52 1995; x_wconf 12' lang='lat' dir='ltr'>x</span> <span class='ocrx_word' id='word_1_109' title='bbox 90 2019 182 2094; x_wconf 83' lang='lat' dir='ltr'>dum</span> <span class='ocrx_word' id='word_1_110' title='bbox 207 2009 357 2089; x_wconf 85' lang='lat' dir='ltr'>sufficit:</span> <span class='ocrx_word' id='word_1_111' title='bbox 386 2010 472 2104; x_wconf 89' lang='lat' dir='ltr'>quia</span> <span class='ocrx_word' id='word_1_112' title='bbox 497 2034 608 2091; x_wconf 89' lang='lat' dir='ltr'>nemo</span> <span class='ocrx_word' id='word_1_113' title='bbox 632 2039 706 2092; x_wconf 89' lang='lat' dir='ltr'>non</span> <span class='ocrx_word' id='word_1_114' title='bbox 730 2040 794 2116; x_wconf 87' lang='lat' dir='ltr'>per</span> <span class='ocrx_word' id='word_1_115' title='bbox 812 2018 926 2098; x_wconf 90' lang='lat' dir='ltr'>fidem</span> <span class='ocrx_word' id='word_1_116' title='bbox 953 2046 1009 2103; x_wconf 81' lang='lat' dir='ltr'>or·</span> 
     </span>
     <span class='ocr_line' id='line_1_20' title="bbox 89 2111 1007 2223; baseline -0.005 -29"><span class='ocrx_word' id='word_1_117' title='bbox 89 2115 273 2194; x_wconf 88' lang='lat' dir='ltr'>dinariam</span> <span class='ocrx_word' id='word_1_118' title='bbox 297 2135 343 2185; x_wconf 91' lang='lat' dir='ltr'>eo</span> <span class='ocrx_word' id='word_1_119' title='bbox 367 2111 572 2208; x_wconf 85' lang='lat' dir='ltr'>pertingere</span> <span class='ocrx_word' id='word_1_120' title='bbox 596 2117 721 2212; x_wconf 86' lang='lat' dir='ltr'>potest.</span> <span class='ocrx_word' id='word_1_121' title='bbox 774 2121 849 2216; x_wconf 85' lang='lat' dir='ltr'>Sed</span> <span class='ocrx_word' id='word_1_122' title='bbox 886 2126 1007 2223; x_wconf 78' lang='lat' dir='ltr'>requi.</span> 
     </span>
    </p>

    <p class='ocr_par' dir='ltr' id='par_1_6' title="bbox 11 2194 1006 3219">
     <span class='ocr_line' id='line_1_21' title="bbox 11 2194 1006 2325; baseline 0.007 -30"><span class='ocrx_word' id='word_1_123' title='bbox 11 2194 22 2220; x_wconf 45' lang='lat' dir='ltr'><em>s</em></span> <span class='ocrx_word' id='word_1_124' title='bbox 86 2218 183 2296; x_wconf 81' lang='lat' dir='ltr'>titur</span> <span class='ocrx_word' id='word_1_125' title='bbox 207 2211 382 2300; x_wconf 89' lang='lat' dir='ltr'>secundo,</span> <span class='ocrx_word' id='word_1_126' title='bbox 407 2212 450 2288; x_wconf 88' lang='lat' dir='ltr'>ut</span> <span class='ocrx_word' id='word_1_127' title='bbox 475 2213 597 2290; x_wconf 90' lang='lat' dir='ltr'>anima</span> <span class='ocrx_word' id='word_1_128' title='bbox 622 2218 734 2314; x_wconf 89' lang='lat' dir='ltr'>ipsam</span> <span class='ocrx_word' id='word_1_129' title='bbox 758 2220 855 2298; x_wconf 90' lang='lat' dir='ltr'>hanc</span> <span class='ocrx_word' id='word_1_130' title='bbox 880 2225 1006 2325; x_wconf 83' lang='lat' dir='ltr'>incog-</span> 
     </span>
     <span class='ocr_line' id='line_1_22' title="bbox 88 2315 1004 2418; baseline 0.014 -24"><span class='ocrx_word' id='word_1_131' title='bbox 88 2317 405 2398; x_wconf 88' lang='lat' dir='ltr'>noscibilitatem,</span> <span class='ocrx_word' id='word_1_132' title='bbox 448 2335 492 2389; x_wconf 88' lang='lat' dir='ltr'>ac</span> <span class='ocrx_word' id='word_1_133' title='bbox 538 2315 1004 2418; x_wconf 84' lang='lat' dir='ltr'>incomprehensibilitatem</span> 
     </span>
     <span class='ocr_line' id='line_1_23' title="bbox 86 2414 1005 2511; baseline -0.003 -15"><span class='ocrx_word' id='word_1_134' title='bbox 86 2420 161 2497; x_wconf 88' lang='lat' dir='ltr'>Dei</span> <span class='ocrx_word' id='word_1_135' title='bbox 180 2419 349 2508; x_wconf 73' lang='lat' dir='ltr'>penetret</span> <span class='ocrx_word' id='word_1_136' title='bbox 375 2433 443 2509; x_wconf 87' lang='lat' dir='ltr'>ope</span> <span class='ocrx_word' id='word_1_137' title='bbox 468 2414 664 2509; x_wconf 83' lang='lat' dir='ltr'>altissimae,</span> <span class='ocrx_word' id='word_1_138' title='bbox 701 2448 745 2498; x_wconf 90' lang='lat' dir='ltr'>ac</span> <span class='ocrx_word' id='word_1_139' title='bbox 769 2448 792 2500; x_wconf 88' lang='lat' dir='ltr'>a</span> <span class='ocrx_word' id='word_1_140' title='bbox 814 2426 912 2503; x_wconf 85' lang='lat' dir='ltr'>&#39;Deo</span> <span class='ocrx_word' id='word_1_141' title='bbox 948 2431 1005 2511; x_wconf 72' lang='lat' dir='ltr'>in.</span> 
     </span>
     <span class='ocr_line' id='line_1_24' title="bbox 83 2507 1004 2624; baseline 0.009 -25"><span class='ocrx_word' id='word_1_142' title='bbox 83 2519 179 2586; x_wconf 50' lang='grc' dir='ltr'>ΜΞ</span> <span class='ocrx_word' id='word_1_143' title='bbox 204 2507 323 2598; x_wconf 85' lang='lat' dir='ltr'>lucis,</span> <span class='ocrx_word' id='word_1_144' title='bbox 346 2512 386 2586; x_wconf 88' lang='lat' dir='ltr'>vi</span> <span class='ocrx_word' id='word_1_145' title='bbox 411 2514 515 2615; x_wconf 82' lang='lat' dir='ltr'>cujus</span> <span class='ocrx_word' id='word_1_146' title='bbox 541 2520 673 2596; x_wconf 71' lang='lat' dir='ltr'>disiam</span> <span class='ocrx_word' id='word_1_147' title='bbox 697 2523 1004 2624; x_wconf 84' lang='lat' dir='ltr'>incomprehensi-</span> 
     </span>
     <span class='ocr_line' id='line_1_25' title="bbox 85 2609 1004 2722; baseline 0.023 -34"><span class='ocrx_word' id='word_1_148' title='bbox 85 2609 269 2688; x_wconf 85' lang='lat' dir='ltr'>bilitatem</span> <span class='ocrx_word' id='word_1_149' title='bbox 295 2636 369 2686; x_wconf 94' lang='lat' dir='ltr'>non</span> <span class='ocrx_word' id='word_1_150' title='bbox 395 2613 507 2692; x_wconf 92' lang='lat' dir='ltr'>solum</span> <span class='ocrx_word' id='word_1_151' title='bbox 526 2619 734 2719; x_wconf 69' lang='lat' dir='ltr'>impersesio</span> <span class='ocrx_word' id='word_1_152' title='bbox 747 2630 909 2722; x_wconf 90' lang='lat' dir='ltr'>quodam</span> <span class='ocrx_word' id='word_1_153' title='bbox 924 2656 1004 2708; x_wconf 87' lang='lat' dir='ltr'>mo·</span> 
     </span>
     <span class='ocr_line' id='line_1_26' title="bbox 87 2709 1004 2833; baseline 0.02 -48"><span class='ocrx_word' id='word_1_154' title='bbox 87 2709 174 2811; x_wconf 87' lang='lat' dir='ltr'>do(</span> <span class='ocrx_word' id='word_1_155' title='bbox 199 2727 306 2809; x_wconf 89' lang='lat' dir='ltr'>prout</span> <span class='ocrx_word' id='word_1_156' title='bbox 330 2715 449 2799; x_wconf 87' lang='lat' dir='ltr'>cuivis</span> <span class='ocrx_word' id='word_1_157' title='bbox 476 2717 640 2805; x_wconf 79' lang='lat' dir='ltr'>fidelium</span> <span class='ocrx_word' id='word_1_158' title='bbox 663 2727 891 2833; x_wconf 88' lang='lat' dir='ltr'>contingit)</span> <span class='ocrx_word' id='word_1_159' title='bbox 916 2756 1004 2832; x_wconf 81' lang='lat' dir='ltr'>cog·</span> 
     </span>
     <span class='ocr_line' id='line_1_27' title="bbox 87 2810 1001 2912; baseline 0.028 -27"><span class='ocrx_word' id='word_1_160' title='bbox 87 2810 223 2901; x_wconf 89' lang='lat' dir='ltr'>noscit,</span> <span class='ocrx_word' id='word_1_161' title='bbox 250 2811 310 2891; x_wconf 90' lang='lat' dir='ltr'>sed</span> <span class='ocrx_word' id='word_1_162' title='bbox 336 2817 384 2893; x_wconf 71' lang='lat' dir='ltr'>as</span> <span class='ocrx_word' id='word_1_163' title='bbox 408 2841 491 2896; x_wconf 88' lang='lat' dir='ltr'>eam</span> <span class='ocrx_word' id='word_1_164' title='bbox 516 2821 651 2900; x_wconf 81' lang='lat' dir='ltr'>visione</span> <span class='ocrx_word' id='word_1_165' title='bbox 664 2827 899 2908; x_wconf 69' lang='lat' dir='ltr'>intellectuali</span> <span class='ocrx_word' id='word_1_166' title='bbox 912 2858 1001 2912; x_wconf 80' lang='lat' dir='ltr'>con·</span> 
     </span>
     <span class='ocr_line' id='line_1_28' title="bbox 85 2905 999 3030; baseline 0.027 -43"><span class='ocrx_word' id='word_1_167' title='bbox 85 2905 306 3010; x_wconf 76' lang='lat' dir='ltr'>spiciendam</span> <span class='ocrx_word' id='word_1_168' title='bbox 332 2917 506 2997; x_wconf 85' lang='lat' dir='ltr'>elevatur.</span> <span class='ocrx_word' id='word_1_169' title='bbox 533 2924 582 3000; x_wconf 87' lang='lat' dir='ltr'>Et</span> <span class='ocrx_word' id='word_1_170' title='bbox 607 2930 758 3006; x_wconf 90' lang='lat' dir='ltr'>tandem&#39;</span> <span class='ocrx_word' id='word_1_171' title='bbox 782 2935 999 3030; x_wconf 83' lang='lat' dir='ltr'>requiritur,</span> 
     </span>
     <span class='ocr_line' id='line_1_29' title="bbox 78 3014 1004 3130; baseline 0.014 -39"><span class='ocrx_word' id='word_1_172' title='bbox 78 3026 130 3091; x_wconf 81' lang='lat' dir='ltr'>ut</span> <span class='ocrx_word' id='word_1_173' title='bbox 155 3038 201 3089; x_wconf 85' lang='lat' dir='ltr'>ex</span> <span class='ocrx_word' id='word_1_174' title='bbox 226 3014 299 3116; x_wconf 88' lang='lat' dir='ltr'>ipsa</span> <span class='ocrx_word' id='word_1_175' title='bbox 324 3017 395 3096; x_wconf 88' lang='lat' dir='ltr'>hac</span> <span class='ocrx_word' id='word_1_176' title='bbox 421 3023 558 3100; x_wconf 87' lang='lat' dir='ltr'>divinae</span> <span class='ocrx_word' id='word_1_177' title='bbox 589 3028 1004 3130; x_wconf 72' lang='lat' dir='ltr'>incomprehensibilita.¹</span> 
     </span>
     <span class='ocr_line' id='line_1_30' title="bbox 87 3114 1002 3219; baseline 0.031 -29"><span class='ocrx_word' id='word_1_178' title='bbox 87 3114 140 3190; x_wconf 85' lang='lat' dir='ltr'>tis</span> <span class='ocrx_word' id='word_1_179' title='bbox 165 3114 298 3194; x_wconf 91' lang='lat' dir='ltr'>visione</span> <span class='ocrx_word' id='word_1_180' title='bbox 325 3121 473 3200; x_wconf 86' lang='lat' dir='ltr'>resultet</span> <span class='ocrx_word' id='word_1_181' title='bbox 522 3126 605 3205; x_wconf 88' lang='lat' dir='ltr'>idea</span> <span class='ocrx_word' id='word_1_182' title='bbox 631 3133 701 3207; x_wconf 91' lang='lat' dir='ltr'>Dei</span> <span class='ocrx_word' id='word_1_183' title='bbox 733 3134 1002 3219; x_wconf 75' lang='lat' dir='ltr'>abstrafflffimtt</span> 
     </span>
    </p>
   </div>
   <div class='ocr_carea' id='block_1_3' title="bbox 85 3215 1002 3528">
    <p class='ocr_par' dir='ltr' id='par_1_7' title="bbox 85 3215 1002 3528">
     <span class='ocr_line' id='line_1_31' title="bbox 85 3215 1002 3337; baseline 0.035 -48"><span class='ocrx_word' id='word_1_184' title='bbox 85 3215 245 3318; x_wconf 86' lang='lat' dir='ltr'>quidem,</span> <span class='ocrx_word' id='word_1_185' title='bbox 271 3217 330 3296; x_wconf 89' lang='lat' dir='ltr'>sed</span> <span class='ocrx_word' id='word_1_186' title='bbox 356 3222 459 3300; x_wconf 87' lang='lat' dir='ltr'>simus</span> <span class='ocrx_word' id='word_1_187' title='bbox 485 3230 719 3325; x_wconf 85' lang='lat' dir='ltr'>nobilissima,</span> <span class='ocrx_word' id='word_1_188' title='bbox 734 3234 773 3310; x_wconf 87' lang='lat' dir='ltr'>vi</span> <span class='ocrx_word' id='word_1_189' title='bbox 797 3236 1002 3337; x_wconf 55' lang='lat' dir='ltr'>cujusanie</span> 
     </span>
     <span class='ocr_line' id='line_1_32' title="bbox 85 3322 1001 3528; baseline 0.026 -129"><span class='ocrx_word' id='word_1_190' title='bbox 85 3339 151 3400; x_wconf 84' lang='lat' dir='ltr'>ina</span> <span class='ocrx_word' id='word_1_191' title='bbox 172 3342 220 3423; x_wconf 83' lang='lat' dir='ltr'>eii</span> <span class='ocrx_word' id='word_1_192' title='bbox 245 3343 290 3398; x_wconf 87' lang='lat' dir='ltr'>eo</span> <span class='ocrx_word' id='word_1_193' title='bbox 312 3322 407 3424; x_wconf 82' lang='lat' dir='ltr'>ipso,</span> <span class='ocrx_word' id='word_1_194' title='bbox 430 3329 528 3428; x_wconf 88' lang='lat' dir='ltr'>quod</span> <span class='ocrx_word' id='word_1_195' title='bbox 553 3356 703 3421; x_wconf 84' lang='lat' dir='ltr'>ornnem</span> <span class='ocrx_word' id='word_1_196' title='bbox 724 3336 1001 3528; x_wconf 51' lang='lat' dir='ltr'>pefffffimssm&#39;</span> 
     </span>
    </p>
   </div>
   <div class='ocr_carea' id='block_1_4' title="bbox 0 0 1114 3870">
    <p class='ocr_par' dir='ltr' id='par_1_8' title="bbox 0 0 1114 3870">
     <span class='ocr_line' id='line_1_33' title="bbox 0 0 1114 3870; baseline 0 0"><span class='ocrx_word' id='word_1_197' title='bbox 0 0 1114 3870; x_wconf 95' lang='lat' dir='ltr'> </span> 
     </span>
    </p>
   </div>
  </div>
 </body>
</html>
