2220 3870
98 166 200 257 '60
331 155 397 256 Tr.
423 152 500 256 IV.
523 146 629 296 Cap·
645 156 728 257 'W
748 158 918 254 Manita
967 222 971 227 -

46 328 48 336 '
136 317 312 426 glutinari
349 339 472 403 erant:
500 327 539 409 or
564 326 651 418 hinc
677 325 820 411 Christi¹
836 322 982 403 discessu
1016 345 1062 403 o·

135 442 322 533 parerat,
350 440 393 505 ut
416 429 580 527 Apostoli
605 429 854 527 imperfediam
879 427 1067 505 adhaefio.

136 529 354 609 aemiliam
388 532 638 628 deponerent,
663 531 701 608 dt
737 533 775 606 in
808 529 960 609 obscura
983 529 1061 607 fide

133 629 241 734 positi
261 633 315 708 'ad
338 631 497 729 Spiritus
523 632 758 709 consolatoris
783 633 985 708 adventurn
1022 630 1059 708 se

137 730 380 830 disponerent
434 735 531 810 Ecce
556 734 643 810 hic!
670 750 894 833 quantopere
925 756 1057 811 verum

136 831 199 921 fit,
225 835 324 931 quod
347 837 473 912 anima
498 859 621 912 rerum
658 836 866 911 divinarum
899 832 1057 910 visiones
1085 837 1088 841 ’

132 934 326 1033 recipiens·
341 935 411 1014 sese
435 937 496 1013 his
517 953 749 1037 quantocyus
776 936 996 1034 exspoliare,
1017 938 1055 1012 iu

135 1057 229 1136 pura
254 1035 327 1112 fide
353 1038 388 1114 se
412 1062 605 1138 reponere,
629 1039 667 1116 dr
694 1038 798 1134 solon
825 1040 888 1134 qui
909 1035 1058 1134 impres·

135 1135 473 1235 flreiinquuntur,'
500 1139 649 1217 effertus
675 1139 823 1214 in'suos
851 1138 938 1214 usus
970 1162 1064 1214 con·.

135 1254 280 1316 vertere
306 1237 464 1318 debeat':
492 1241 557 1317 nist
583 1241 695 1330 velit,
709 1254 752 1316 ut
776 1239 862 1337 ipsae
887 1237 1057 1327 visiones,

135 1337 388 1440 &ipsarum
414 1343 616 1425 caelestibus
643 1342 802 1441 personis
823 1341 1057 1417 familiaritas
1096 1358 1102 1372 ‘

134 1442 252 1526 etiam
279 1441 362 1531 fibi,
388 1444 705 1544 prout—apostolis
730 1437 930 1540 contingit,
957 1440 1065 1540 spiri.

130 1554 201 1641 xtus
234 1543 363 1633 santii,
399 1544 479 1642 qui
500 1547 649 1620 vinculo
669 1545 839 1636 caritafis
863 1545 944 1622 Deo
970 1567 1058 1636 con·

40 1687 46 1701 ·
93 1694 94 1701 κ
133 1642 275 1746 jungit,
302 1646 503 1723 adventum
529 1646 744 1745 impediant.

136 1867 201 1944 53.
215 1841 411 2006 Verum
434 1847 497 1924 hic
521 1873 599 1946 non
622 1847 723 1926 nulla
747 1846 859 1923 dubia
883 1844 924 1922 in
961 1845 1058 1922 dire·
1100 1903 1102 1941 2

331 1948 439 2028 doris
465 1951 591 2048 animo
615 1951 700 2025 oriri
725 1949 878 2048 ponunt,
905 1969 1001 2045 quae,
1015 1962 1057 2026 ut

135 2045 179 2126 in
203 2046 413 2126 animarum·
434 2051 613 2146 regimine
639 2050 712 2126 fine
738 2050 960 2127 offendiculo
979 2067 1057 2146 'per

134 2148 235 2230 hanc
248 2151 425 2228 visionum
450 2156 551 2230 viam
576 2154 848 2250 progrediatur,
862 2151 1057 2230 dilucidari

99 2346 102 2354 A
135 2264 294 2349 oportet.
348 2253 609 2352 Primo‘poiiet
622 2256 800 2341 dubitare,
814 2276 942 2329 numa
962 2277 1057 2351 prae·

69 2426 73 2431 .
136 2352 246 2428 dietis
271 2355 408 2450 regulis
435 2355 669 2453 dispensanda
695 2355 738 2431 fit
764 2354 909 2441 anima,
940 2355 1057 2454 *cujus

135 2453 339 2631 phantasiae
365 2455 452 2531 vifio
479 2458 650 2550 quaedam
676 2456 854 2555 profunde
877 2453 1062 2555 insculpta·

165 2568 276 2644 aeret,
302 2556 356 2632 ita
381 2570 424 2632 ut
448 2554 484 2630 se
499 2558 555 2633 ab
578 2557 642 2632 ilia
659 2556 865 2634 abstrahere
881 2572 1055 2652 nequeat
1085 2567 1088 2577 “

134 2656 311 2736 Secundo
333 2657 446 2755 puiset
471 2658 567 2734 nosci
593 2660 764 2748 dubium,
791 2681 881 2734 num
907 2658 1058 2756 persona

18 2766 21 2771 ’
136 2779 286 2854 magnae
308 2759 493 2835 ariditatis
518 2774 682 2858 tempore
700 2761 926 2858 praeteritam
950 2760 1058 2837 visro-

111 2883 225 2937 .-nem
251 2859 335 2935 ideo
360 2861 398 2934 in
423 2862 640 2937 memoriam
664 2884 836 2939 revocare
870 2885 944 2936 non
978 2862 1059 2960 poi·

136 2958 193 3047 in„
205 2971 247 3037 ut
262 2961 361 3044 iliius
388 2962 657 3038 reminiscentia
683 2961 1059 3040 consternatus&de·

136 3059 273 3160 pr'effus
288 3060 443 3159 spiritus
479 3065 601 3139 denuo
627 3065 819 3139 excitetur.
891 3064 1058 3143 Primum

136 3163 291 3241 dubium
305 3163 344 3267 ip
361 3177 532 3247 verarum
545 3163 723 3241 visionum
737 3166 959 3265 proprietate
971 3166 1059 3244 fun-

116 3264 360 3368 datorehae
395 3267 498 3344 enim
530 3269 623 3343 adeo
663 3267 786 3343 vivam
814 3267 865 3343 sui
900 3265 1059 3364 speciem

53 3440 56 3446 .
132 3365 330 3461 memoriae
357 3365 604 3472 imprimunt,
642 3380 686 3448 ut
706 3369 902 3449 ordinarie
940 3370 1059 3552 etiikam
1094 3396 1102 3450 ε
