2220 3870
98 164 212 247 'nece
232 125 320 265 'roos
356 159 601 291 purgationis
635 149 813 289 poffiuae.
863 183 940 275 315

61 344 94 413 a,
109 322 458 422 contemplationem
484 322 558 401 fine
582 324 719 401 debitis
741 324 942 425 dispositio·
982 370 984 375 .

61 428 136 501 ‚bus
174 422 378 525 recipiens,=
412 426 579 524 ejusdem
617 428 944 527 contemplationis
1013 514 1015 521 ,

61 527 189 625 renas
204 528 317 606 suevi
343 529 610 626 consequatur,
634 528 674 607 dc
698 529 746 608 sro
770 530 874 609 illam
897 530 944 629 seq

66 628 249 733 ,securam
273 631 416 708 reddat.
467 630 564 707 Haec
586 632 712 710 omnia
736 635 822 712 ideo
848 633 939 725 dixi.

61 730 115 829 tia
136 733 297 824 nollem,
322 748 365 809 ut
387 732 546 813 direttor,
567 732 712 813 insolita
752 735 945 825 admirati·

61 859 97 911 re
121 833 266 911 defixus
292 836 453 933 haereat,
477 838 545 913 vel-
560 835 719 914 salluciae
733 858 753 929 ,⁴
769 850 835 915 aut
860 837 946 923 illue

61 936 136 1013 mis
179 954 312 1035 arguat
348 941 542 1031 animam,
582 937 711 1035 siqua,
750 942 840 1036 quin
879 960 946 1039 pec

61 1039 265 1137 ogationes
301 1038 390 1119 mox
425 1041 699 1141 pertradandos
740 1040 949 1137 transtisset,
1026 1102 1029 1107 -

61 1142 77 1217 l
95 1144 293 1239 quemdam
309 1143 437 1221 insusae
454 1143 778 1243 contemplationis
789 1143 948 1241 gradum

61 1243 256 1321 ervenisiet.
314 1247 460 1323 Interea
493 1246 583 1322 sciat
623 1244 799 1336 diretlot,
825 1243 950 1337 casum

61 1354 129 1423 unc
154 1369 279 1424 rarum
305 1346 393 1440 esse,
418 1348 498 1455 dori
522 1360 656 1427 tamen·
673 1344 794 1451 posse,¹
816 1360 861 1425 ut
891 1345 952 1429 sue
985 1372 988 1377 ’

61 1472 91 1527 :a
113 1449 191 1550 jam
217 1450 393 1529 diximus.

78 1652 332 1821 ordinarie
345 1663 472 1730 autem
496 1624 600 1731 Deus
625 1604 766 1743 lucem,
793 1651 835 1731 δι
860 1634 951 1747 'sune

219 1781 306 1833 vem
331 1757 686 1854 contemplationum
718 1754 866 1833 suarum
890 1778 953 1851 ate·

61 1880 159 1935 orem
184 1858 321 1934 animae
347 1883 422 1943 uon
448 1859 539 1936 solet
563 1856 953 1948 infundere,nis1eam

61 1962 132 2035 rius
157 1962 205 2036 ad
231 1962 328 2036 tanti
353 1960 441 2035 doni
467 1959 729 2059 susceptionem
752 1961 824 2034 rite
859 1981 966 2059 praer

61 2072 219 2150 oratam,
246 2086 291 2139 ac
327 2063 420 2138 bene
442 2061 650 2160 dispositam
682 2062 828 2139 videat:
865 2083 894 2163 q¹
911 2083 956 2241 Ἴ

919 2185 940 2238 e

61 2163 173 2241 eleste
197 2164 270 2239 hoc
306 2162 508 2249 balsamum
539 2162 614 2240 vasi
647 2163 709 2249 vel
733 2175 842 2261 rupto
856 2219 875 2253 ,.
893 2187 918 2239 v

61 2267 246 2355 nmundo,
271 2264 332 2340 vel
357 2264 442 2350 vili,
468 2286 542 2361 quo
567 2264 738 2341 custodiri
764 2289 840 2339 non
876 2262 957 2362 pos·

61 2384 109 2459 ot,
135 2368 196 2444 vel
220 2363 490 2456 effunderetur,
508 2365 661 2442 'infundi
687 2389 762 2441 non
796 2376 955 2463 oportet

61 2469 292 2569 ›ispofinones
317 2469 404 2544 dein
428 2471 477 2545 ad
503 2468 642 2545 dirime
667 2466 958 2566 hujuscontem·

61 2571 206 2650 sotionis
233 2569 528 2669 consecutionem
552 2567 736 2668 requisitae
762 2566 959 2647 consistunt

61 2675 171 2754 ortim
186 2676 225 2747 in
249 2673 455 2748 remotione
480 2672 649 2749 omnium
686 2670 960 2748 contrariorum

61 2775 404 2876 mpedimentorum‚
428 2774 564 2872 partim
602 2774 643 2851 iu
670 2772 868 2871 adeptione
883 2772 958 2850 vir·
988 2778 1003 2800 ’·

61 2892 186 2965 utum,
217 2900 262 2952 ac
299 2888 417 2951 tantae
450 2873 634 2973 puritatis,
654 2892 795 2971 quauta
813 2874 961 2953 adcon·

61 2980 256 3061 arvandum
283 2998 369 3052 eum
394 2976 475 3052 Deo
505 2990 585 3055 tam
624 2975 785 3067 stridunt
817 2978 856 3052 in
875 2999 960 3055 ora·

61 3076 202 3162 ionibus
229 3078 554 3169 commerciumest
579 3076 786 3157 necessaria.
828 3079 963 3165 Quan-

61 3181 293 3284 oquidemsr
320 3203 474 3280 pueros,
504 3179 569 3278 qui
596 3180 637 3258 in
656 3177 849 3281 praesentia
862 3181 964 3278 regia

61 3283 410 3368 labuchodonosoris
445 3305 621 3384 apparere
655 3282 861 3374 debebant,
913 3281 964 3361 ab

61 3392 147 3479 mni
182 3389 265 3473 labe
290 3388 478 3477 immunes
499 3384 569 3480 esse
605 3382 788 3491 operndtt
871 3380 967 3471 Pa.-

337 3514 344 3523 .
628 3514 632 3530 ,
696 3524 699 3528 ,
836 3508 944 3578 We*
