2220 3870
192 183 363 326 spiri'tus
368 190 618 325 purgationis
633 178 887 283 adminicula.
925 201 1029 310 609-

89 361 259 461 ejusdem
284 354 445 444 comite,
482 372 812 451 quantumcunque
835 356 916 433 fieri
949 369 1031 458 poi·

89 463 182 551 test,
217 460 424 534 evellantur
448 480 577 531 omnes
604 458 825 536 inordinatae
856 458 1020 538 affetiio·

88 558 180 650 nes,
216 560 496 648 inclinationes,
531 556 571 634 &
610 557 761 637 habitus
793 562 1033 661 imperfectis

88 668 204 743 verbo
242 659 340 756 quod
377 676 487 735 vetus
525 660 638 734 horno
671 661 818 759 penitus
845 678 1018 746 exuatur.

86 771 141 847 Et
164 762 213 843 ad
237 766 309 838 hoc
333 760 450 859 ipsum
476 760 626 837 molesta
650 761 734 836 haec
752 768 1018 866 contemplatio

86 870 204 946 citius
239 889 283 940 ac
318 863 512 960 perfectius
544 862 716 949 deducit,
753 885 866 961 quam
897 869 1018 952 altera

84 970 155 1050 illa
187 967 349 1065 superius
385 989 409 1041 a
442 964 549 1040 nobis
580 963 753 1062 exposita.
818 967 932 1046 Ratio
964 974 1019 1053 est

86 1073 202 1149 clara.
256 1069 397 1143 Omnes
429 1066 539 1141 nostri
574 1066 785 1164 appetitus,
811 1072 1020 1168 propensio·

82 1197 181 1260 nes,
206 1169 244 1247 δι
268 1170 372 1267 pravi
395 1166 547 1244 habitus
572 1168 612 1245 iu
638 1188 763 1244 amore
786 1172 933 1270 proprio
957 1196 1020 1253 ra-

85 1272 285 1354 dicantur:
325 1270 372 1345 ab
397 1269 469 1343 hoc
494 1269 593 1343 eninr
620 1269 843 1365 gignuntur;
870 1274 918 1349 ab
943 1274 1020 1355 hoc

87 1377 327 1457 nutriuntur:
365 1372 412 1448 ab
446 1371 518 1445 hoc
553 1369 733 1445 alimenta
756 1384 863 1469 aeque
888 1385 934 1452 a'c
958 1378 1018 1455 'vi'-

86 1495 171 1556 tam
195 1474 382 1550 hauriunt.
434 1473 485 1548 Et
507 1470 594 1546 hinc
618 1470 758 1547 sublato
782 1497 909 1552 amore
932 1501 1019 1576 pro·

87 1581 171 1682 prio
196 1598 325 1653 omnes
352 1596 417 1649 eos
444 1573 624 1647 extinttos
657 1575 852 1651 concidere
876 1579 1020 1658 neceffe

87 1682 166 1758 est:
193 1679 294 1753 haud
320 1675 422 1750 secus
445 1698 490 1749 ac
515 1676 683 1750 arborem
707 1675 857 1766 tellure,
882 1679 922 1755 in
942 1702 1020 1777 qua

87 1782 270 1884 profunde
305 1778 570 1865 radicabatur,
603 1775 780 1852 subtracta
819 1780 1020 1876 prosterni,

89 1909 137 1963 ac
160 1881 319 1958 arescere
344 1876 483 1955 necesse
501 1878 571 1953 est.
632 1877 715 1978 Jam
740 1881 866 1956 omnia
889 1882 1018 1964 letalia

85 1988 154 2065 illa
179 1983 353 2071 vulnera,
376 1980 430 2056 illi
453 1981 584 2056 mortis
610 2001 771 2076 agones,
794 1981 869 2057 illae
888 1985 1018 2067 ossium
1047 2024 1050 2031 ·

85 2089 313 2172 luxaturae,
359 2084 436 2159 illae
476 2083 638 2178 corporis
682 2082 1017 2179 conquaffationes,

85 2212 185 2287 quas
212 2185 331 2260 i'ansta
355 2185 394 2259 in
420 2185 491 2259 hac
514 2184 680 2259 oratione
707 2186 921 2282 contingere
942 2190 1017 2289 ait,

73 2292 140 2372 .ad
165 2298 323 2361 mortem
349 2284 503 2383 subjetto
529 2284 759 2359 inferendam
789 2286 918 2383 utique
940 2314 1035 2371 non·

85 2389 341 2480 ordinantur3
377 2409 463 2459 cunr
498 2386 569 2459 hoc
596 2387 720 2482 potius
744 2387 822 2486 post
847 2392 1018 2477 exantlo-,¹

86 2509 152 2570 tos
179 2491 248 2563 hos
274 2487 460 2563 cruciatus
485 2489 534 2562 ad
561 2488 678 2561 vitam
702 2488 868 2565 divinam
891 2496 1036 2569 denuo·

85 2592 276 2687 resurgere
312 2590 468 2666 debeat:
502 2588 585 2663 haec
624 2590 749 2663 omnia
788 2589 1046 2671 solummodo·

87 2695 141 2774 ad
168 2692 399 2768 enecandum
431 2712 596 2765 amorem
632 2689 819 2787 proprium
844 2696 1016 2774 tendunt.

84 2799 150 2875 Ita
173 2807 242 2882 ut,
280 2794 369 2869 dum
408 2789 621 2868 vulneribus
645 2788 729 2877 his,
762 2788 803 2868 δι
838 2793 1047 2879 fatalibus,

84 2898 152 2978 his
187 2895 318 2971 ittibus
351 2893 562 2990 frequenter
596 2891 814 2990 impetitur,
857 2894 937 2971 ti'eri
973 2897 1039 2975 io·

85 3009 279 3093 nequeat,
319 2997 408 3091 quin
447 2995 600 3071 tandem
637 2994 854 3085 emoriatur,
880 3010 947 3073 aut
972 3011 1017 3076 ut

87 3101 217 3200 aptius
247 3097 398 3191 loquar,
433 3095 643 3194 omnigenis
667 3094 910 3174 mortificatus
935 3122 1018 3176 ma·

87 3215 193 3280 neat.
254 3198 321 3273 llio
360 3211 487 3275 autem
528 3196 723 3286 emortuo,
762 3211 829 3275 aut
864 3200 1016 3296 penitus

89 3297 317 3385 mortificato
347 3318 477 3374 omnes
512 3299 627 3374 etiarn
652 3297 819 3396 ejusdem
842 3300 1015 3393 habitus,

89 3422 296 3496 omnesque
321 3398 489 3502 ejusdem
513 3421 648 3497 pravas
672 3397 881 3487 affectiones
896 3427 941 3480 ac
958 3402 1017 3482 iu·

144 3496 306 3585 Tomdl.
516 3500 589 3601 Qq
892 3503 972 3582 ‘cli-
