2220 3870
93 172 551 327 ffl-fapernae‘turaelaius
574 181 837 303 locutionibus.
876 202 957 319 165
1012 301 1014 305 ,

59 360 148 457 mim
161 383 346 460 corporeae
355 383 466 441 aures
492 359 691 457 quidquam
714 357 958 447 audiant,in·

59 462 285 541 eriusclara
311 486 356 539 ac
378 461 537 560 expressa
561 463 673 539 verba
696 460 955 561 percipiuntur,

59 563 117 641 ite
135 562 342 659 intelligat,
365 561 574 659 sequentem
598 563 798 639 dottrinam
835 558 955 659 philea

59 664 229 763 'ophicam
257 665 435 764 praemitti
448 675 603 763 oportet.
654 664 792 741 Omnes
812 656 956 737 externi

59 765 155 841 rostri
180 764 319 852 sensus,
343 764 434 841 dum
455 780 667 864 operantur,
693 765 742 841 ad
773 757 956 864 phantasi-⁸

59 888 106 943 rm
132 867 393 945 transmittunt
420 865 639 965 objetiorum
666 863 809 943 suorum
843 861 957 963 speci·

59 964 958 1165 mn·mmm:earam

59 1181 202 1256 rerunt,
241 1167 395 1271 similem
427 1169 607 1268 producit.
664 1167 744 1245 Nec
774 1164 956 1266 eiusmodi

59 1266 285 1368 nphantafia
322 1282 479 1368 receptae
514 1268 651 1369 species
683 1290 825 1367 ocyus,
850 1279 892 1343 ut
916 1267 958 1343 in

59 1368 202 1457 ensibus
227 1370 390 1446 externis
415 1369 615 1467 contingit,
635 1367 880 1454 evanescunt,
896 1365 958 1443 sed

59 1468 345 1571 nphantrsticae
369 1470 559 1547 memoriae
577 1469 756 1548 tabulario
779 1467 959 1546 asservan-

59 1592 116 1649 ur.
168 1570 234 1647 Sic
259 1570 413 1660 oculus,
436 1572 527 1663 dum
550 1571 670 1648 stellas
696 1572 739 1649 E.
774 1594 811 1669 g.
837 1567 957 1657 videt,

59 1670 89 1757 a
112 1671 322 1770 potentiam
342 1672 624 1770 imaginativam
646 1670 763 1752 mittit
789 1668 955 1769 speciem,

59 1772 79 1849 i
104 1771 213 1872 cujus
237 1770 313 1875 ipsa
334 1793 479 1870 quoque
503 1772 587 1851 illas
610 1774 725 1857 videt.
776 1772 876 1849 Dum
891 1794 957 1870 pa·

59 1884 143 1951 utus
157 1872 265 1962 ,sellis
287 1870 571 1972 amaritudinem
581 1873 772 1974 persentit,
783 1886 850 1950 aut
867 1871 959 1949 mel·

59 1976 87 2051 ie
107 1971 342 2051 dulcedinem
359 1975 526 2072 degustat
540 2031 549 2060 ‚
565 1975 747 2076 ejusmodi
770 1974 832 2053 vel
855 1997 960 2052 ama·

59 2073 649 2163 nientorum‚·veldelettabiiium
683 2076 850 2175 saporum
881 2073 958 2175 spe·

59 2173 362 2274 iem-phantastae
387 2176 532 2272 ingerit.
583 2178 683 2254 Dum
705 2199 839 2253 manus
879 2197 959 2251 cor·

59 2299 111 2355 uc
140 2286 310 2353 tenerum
332 2299 378 2354 ac
401 2276 534 2366 molle,
561 2292 627 2355 aut
652 2275 827 2376 asperum·
843 2274 960 2353 &du-

59 2400 124 2455 um
150 2377 337 2466 attretiat,
362 2376 576 2476 hujusmodi
599 2378 766 2455 mollitiae
792 2389 858 2453 aut
890 2375 958 2450 du·

59 2477 140 2557 itiae
174 2475 332 2576 speciem
368 2477 547 2555 amandat
582 2479 631 2555 ad
664 2476 957 2590 imaginativarp
1063 2526 1066 2533 -

59 2579 142 2655 ium
168 2578 268 2655 auris
293 2579 487 2656 verborum
512 2576 639 2655 sonum
663 2579 818 2667 inaudit,
839 2598 958 2659 omm-

59 2702 105 2755 nn
131 2675 363 2777 syllabarum,
387 2678 553 2758 omnium
580 2694 811 2768 accentuum,
826 2677 865 2756 δι
879 2701 959 2754 om·

59 2780 147 2857 ium
176 2779 373 2856 verborum
395 2779 552 2877 speciem
574 2779 761 2878 consignat
799 2779 959 2878 phanta-

59 2882 111 2957 ΞΕ.
143 2878 261 2956 ‘Haec
284 2880 437 2969 interea,
462 2893 521 2957 tot
546 2879 731 2979 speciebus
755 2879 958 2979 locupleta·

59 3005 98 3071 u,
124 2979 210 3065 illas
234 2980 274 3057 in
296 2981 486 3058 memoriae
511 2979 584 3058 suae
610 2981 739 3058 aerario
765 2980 960 3076 diligenter
999 2995 1003 3000 ·

59 3081 229 3158 onservat
252 3105 339 3158 eum
363 3082 403 3158 in
426 3080 556 3170 finem,
582 3096 625 3160 ut
644 3104 772 3161 earum
795 3104 864 3178 ope
876 3079 957 3156 om‘·

59 3183 105 3261 ia
129 3181 244 3258 etium
267 3196 411 3260 remota
436 3181 574 3280 objetia
607 3182 878 3282 apprehendere
910 3200 956 3256 ac

59 3283 240 3382 ijudicare
264 3282 376 3381 poffit.
425 3283 500 3362 His
524 3276 657 3383 postus,
672 3281 818 3362 difficile
850 3278 954 3379 haud

59 3383 113 3467 rit
136 3383 361 3491 explanare,
385 3403 459 3486 epra
484 3384 627 3493 ratione
651 3384 773 3480 Deus,
798 3381 888 3484 quin
913 3377 964 3481 ad
1058 3444 1068 3459 .

432 3485 515 3587 La
765 3618 768 3623 Δ
838 3478 916 3571 set·
