2220 3870
143 107 167 143 ς
440 116 444 123 -
478 119 485 134 .

115 184 428 323 ‚zimaginarie
445 176 759 320 ponaslanrurss
813 300 822 321 ,
864 201 952 287 101
1049 178 1061 191 ”

58 377 169 455 ιιιιιῃΙ
194 353 282 444 dein
321 351 452 443 fuerit,
498 351 667 452 ingenti
698 350 838 451 semper
877 350 954 429 cla·

57 460 146 534 itate
177 453 505 555 repraesentabitur.
557 453 784 553 Imaginetur
807 451 952 529 sibiLe·

57 581 129 649 tor,
169 555 242 634 sese
284 555 440 656 positum
464 555 532 633 else
579 581 628 632 ex
653 554 803 633 adverso
828 553 954 631 excel·

57 702 62 734 l
89 659 236 748 montis
257 656 414 758 septem,
448 671 516 736 aut
543 657 624 739 osto
644 656 862 755 milliaribus
882 653 953 732 dis·

57 760 112 852 iti,
149 762 191 838 in
229 759 335 863 cujus
380 760 518 837 vertice
547 761 661 836 homo
691 759 846 859 'quidam
863 781 952 834 con·

57 862 142 940 stat.
197 860 240 937 ln
264 860 349 939 casu
378 861 451 940 hoc
488 861 565 962 jam
588 874 729 939 certum
748 859 819 950 est,
851 859 951 956 quod

57 979 149 1043 omo
168 961 232 1054 ille
253 962 372 1040 videri
400 977 579 1062 nequeat3
601 989 647 1041 eo
666 964 765 1061 quod
791 959 952 1041 visibiles

57 1064 168 1166 bjetti
201 1063 301 1142 illius
331 1063 468 1166 species
499 1082 564 1165 per
591 1079 739 1144 tantum
767 1063 864 1142 aeris
873 1062 952 1163 spa·

57 1170 130 1247 lum
160 1164 313 1245 extendi
340 1190 417 1243 non
461 1165 607 1267 possint,
641 1166 703 1247 sed
735 1167 778 1242 -in
804 1162 868 1243 via
885 1187 954 1263 po·

57 1291 129 1358 us,
160 1279 205 1344 ut
241 1267 298 1345 ita
337 1265 486 1365 loquar,
529 1268 715 1346 deficiant.
774 1265 816 1343 Si
861 1287 953 1346 vero

57 1367 288 1469 leus(prout
324 1368 446 1447 facere
480 1366 634 1470 posset)
661 1366 872 1455 ordinaret,
908 1377 953 1446 ut

57 1471 143 1550 islae
173 1467 311 1570 species
355 1493 423 1571 per
446 1482 526 1548 tam
554 1472 686 1570 longos
720 1464 954 1559 distantiaefi·

57 1598 100 1651 es
131 1571 298 1669 limpidae
318 1594 364 1651 ac
390 1571 501 1649 clarae
525 1572 574 1650 ad
591 1571 741 1669 oculum
767 1568 954 1671 pertinge·

57 1687 137 1763 ent,
171 1673 286 1751 honio
317 1671 380 1749 ille
407 1671 654 1753 hauddubie
681 1670 844 1769 dillinsle
864 1692 956 1746 con⁴

57 1777 259 1875 liceretur,
292 1773 395 1851 haud
426 1773 530 1852 secus
576 1800 621 1855 ac
652 1774 678 1853 fi
708 1799 785 1852 uno
820 1768 955 1850 solum·

57 1879 149 1958 iodo
182 1874 283 1975 passu
323 1874 491 1953 distaret:
529 1877 618 1976 quia
656 1876 711 1955 rei
745 1873 954 1976 cuiuspiam

57 1979 123 2058 isio
165 2001 206 2057 re
244 1976 320 2054 isa
356 2000 382 2054 a
406 1975 607 2057 visibilibus
644 1978 855 2079 speciebus,
886 1974 954 2050 iis·

57 2107 105 2161 ue
142 2080 214 2158 rite
246 2080 255 2095 '
287 2078 453 2168 usiratis,
488 2103 533 2158 ao
565 2082 605 2157 in
645 2080 795 2157 oculum
813 2079 954 2182 vintro·

56 2183 152 2263 usii‘s
197 2181 346 2281 pendet
414 2176 523 2258 Haec
571 2183 697 2260 omnia
736 2181 813 2282 jam
842 2177 955 2257 lestor
1048 2176 1051 2184 “

57 2283 264 2384 nag'inariae
299 2278 428 2360 visioni
461 2281 638 2382 applicet,
677 2306 724 2360 ac
758 2279 954 2375 intelliget,

57 2412 109 2466 ua
144 2386 289 2462 ratione
314 2404 385 2484 per·
410 2405 495 2461 eain
526 2384 747 2473 Redemtor,
774 2381 855 2481 ejus
870 2380 954 2455 Ma·

57 2512 113 2579 er,
156 2512 200 2565 ac
221 2485 285 2564 alii
309 2483 452 2562 caelites
483 2483 548 2560 etsi
563 2481 787 2566 remotissimi
806 2482 846 2583 in
862 2482 951 2558 bea·

57 2616 72 2669 i
97 2589 220 2691 patria
235 2588 354 2665 videri
380 2609 403 2663 a
426 2585 534 2663 nobis
551 2585 691 2687 possint.
707 2587 953 2664 'Enumeran-

57 2693 93 2770 is
110 2691 269 2778 indiciis,
286 2690 420 2786 quibus
431 2685 590 2765 visiones
610 2686 840 2786 imaginariae
852 2703 954 2768 verae

57 2791 191 2874 afalsis
211 2789 365 2867 discerni
379 2786 542 2889 possunt,
572 2815 656 2867 non
672 2791 868 2879 immoror;
883 2784 929 2866 si·

97 2895 252 2997 quidem
272 2891 357 2977 haec
370 2890 492 2992 capite
520 2892 633 2969 tertlo
649 2889 728 2994 jam
739 2886 889 2979 discussi.

319 3045 647 3452 salassi
1036 3104 1049 3185 ²

407 3463 569 3563 *G*
709 3441 891 3574 *CA*
