2100 3870
104 210 175 275 nun
194 175 245 309 fit
262 170 333 274 'in'
355 173 667 277 revelationibus
717 197 814 291 (rc.
850 195 943 289 281

80 344 161 445 hujus
180 348 316 425 exitum
333 349 483 425 videndi
508 348 713 427 curiofitnte
737 351 835 428 dotti
860 366 949 454 ocy-

78 451 313 540 nocuerunt,
347 450 386 529 ὅ(
428 452 620 541 feretrum,
659 453 700 528 in
728 473 801 548 quo
818 454 950 531 desun·
1036 486 1042 499 ¹

81 546 122 624 ltu
144 551 289 648 jacebat,
321 552 484 629 humeris
509 553 716 652 imposnum
752 553 792 631 in
821 555 953 653 ingen·
1015 610 1021 617 -

81 649 118 721 tis
133 650 212 728 illius
231 654 407 730 auditorii
441 657 563 730 medio
593 656 829 733 collocarunt.
853 658 950 737 Tum
977 666 980 671 '

82 744 189 843 stuliusz
202 756 325 833 divino
344 756 475 854 spiritu
500 756 645 834 afflatos
671 756 746 835 alta
780 758 819 837 &
847 759 950 839 clm

83 864 145 927 nee
171 854 242 947 ita,
267 871 311 932 ut
336 882 444 934 nemo
482 883 557 936 non
583 859 821 957 intelligeret,
840 842 952 939 mult·

83 951 303 1063 cunjunxit,
328 960 435 1035 utin
467 960 631 1057 fignum,
654 962 756 1058 quod
790 961 864 1062 ipse
900 963 952 1041 ad
986 1032 991 1043 .

86 1053 201 1133 ninum
222 1060 373 1158 iamiam
398 1062 508 1139 finale
530 1063 710 1162 iudicium
739 1062 952 1142 hominibus

87 1158 312 1247 predicandum
344 1187 367 1238 a
401 1164 481 1239 Deo
523 1163 658 1240 eleilus
684 1161 787 1253 esset,
826 1164 951 1243 ciere.-

86 1262 135 1344 tn,
159 1260 191 1336 in
222 1280 294 1359 quo
320 1264 468 1341 extensa
504 1265 669 1364 iacebat,
697 1265 785 1355 viva
829 1264 953 1364 surges

85 1366 136 1470 tet:
166 1365 209 1439 ud
241 1385 326 1460 quae
360 1366 424 1442 illa
449 1391 566 1466 ocyus
589 1367 736 1445 revixit„
793 1366 951 1466 Sentius

86 1452 154 1569 ‘lm’
174 1488 259 1541 num
283 1468 400 1544 vitum
422 1469 585 1568 prosequi
598 1504 618 1558 ,=
635 1483 701 1546 aut
725 1468 846 1545 denuo
871 1492 953 1547 uuo·

87 1570 254 1658 nopnret,
290 1592 337 1644 ex
362 1593 407 1645 ea
439 1570 490 1645 est
514 1569 725 1649 sciscitatus.
782 1570 952 1669 Cumque

86 1652 127 1733 tn
142 1662 167 1739 se
186 1669 309 1745 vivere
334 1670 443 1749 malle
465 1669 713 1769 respondisset,
739 1669 881 1751 sanstus
895 1672 953 1749 di·

85 1767 265 1871 uturniorem
306 1772 341 1848 ei
370 1773 488 1848 vitam
517 1772 694 1850 concessit.
744 1773 865 1851 Nemo
876 1798 952 1853 nou

85 1860 168 1977 silet,
188 1872 318 1968 ingens
354 1872 426 1948 hoc
462 1874 668 1972 prodigium
704 1887 791 1951 cum
824 1875 953 1955 multis

87 1956 155 2055 nos,
174 1993 254 2070 quae
279 1974 318 2050 S.
334 1971 553 2051 Vincentius
580 1975 744 2070 quotidie
767 1974 868 2073 quast
891 2001 957 2076 pa·

86 2064 189 2175 stlat,
228 2070 485 2153 authenticuni
517 2075 753 2154 revelationis
786 2077 860 2154 suae
897 2092 954 2155 to·

85 2154 243 2251 sonnium
282 2174 394 2253 fuisse.
447 2178 532 2254 Hoc
561 2190 689 2254 tamen
720 2178 953 2258 nonobstan-

88 2266 307 2362 teunveosale
340 2279 519 2377 judicium
554 2281 713 2355 necdum
738 2280 860 2357 venit:
889 2306 953 2358 eo·

90 2370 151 2452 lul
175 2380 364 2477 prophetia
402 2379 503 2457 sensu
533 2403 624 2456 mox
658 2380 881 2459 declarando
912 2383 954 2462 iu

88 2478 166 2551 noue
186 2479 255 2557 Dei
281 2481 533 2559 conditionata
555 2480 679 2559 fucrit.

84 2672 298 2861 luscinio?
323 2683 395 2760 Dei
420 2681 580 2862 Eccilfia
594 2683 955 2862 {uffitomporitsin

285 2811 310 2861 u
360 2808 493 2861 uamc
531 2808 857 2863 umuotomoera
896 2809 1002 2862 re·.

81 2868 171 2959 uita:
195 2808 440 2981 eoquodqtr'es
456 2884 587 2963 summi
609 2885 803 2985 pontifices
822 2910 955 2984 regna*

81 2984 147 3064 ient,
172 3006 323 3081 quorum
360 2988 481 3083 quivis
515 2986 624 3064 santii
665 2987 859 3087 cujusdam
883 2987 956 3067 viri

81 3074 284 3178 uuonan,
309 3087 527 3186 &supremi
553 3088 746 3188 cujusdam
772 3089 953 3186 Principis¹

79 3184 200 3265 Potentia
224 3187 524 3280 suffulciebatur,
552 3190 607 3267 ita
631 3202 700 3279 ut,
724 3191 765 3266 in
792 3210 956 3285 quonam

81 3287 169 3362 eorum
200 3290 424 3368 haeretitaria
448 3292 487 3368 S.
514 3291 615 3368 Petri
648 3291 807 3390 potestas
823 3289 954 3365 refide·

78 3386 129 3468 ret,
161 3389 263 3490 plone
303 3395 553 3574 ignoturgtur:
591 3393 691 3473 unde
726 3415 839 3473 nemo
877 3416 953 3473 nou

511 3517 534 3594 5
815 3514 906 3574 con·
