2220 3870
21 102 24 110 ¹
85 170 187 267 ¹¹4¹
298 117 896 280 Tr21VCap,Vll.nmme

85 314 154 395 eus
177 339 242 392 non
267 310 461 414 obstontiloe
475 306 490 400 ,’
522 311 611 408 quod
634 298 764 415 emleslei
784 309 844 386 loc
867 314 1005 411 mpere-

86 425 190 497 tiones
214 416 360 501 uiderim,
385 412 551 513 displicere
575 411 654 488 miti
678 414 1003 513 nunquum'poterit:
1024 480 1041 505 „

85 524 152 600 imo
176 542 232 592 mc
257 520 382 591 unicum
407 537 517 588 eorum
535 514 613 586 uum
636 513 782 605 munibus
805 505 919 591 mundi
940 515 1003 591 to-

78 630 141 725 jus
167 616 208 696 Θ
233 616 325 692 bonis
350 614 391 691 &
415 613 646 691 obseilomentis
666 629 903 714 permutatam:
925 616 1008 693 Hoc

86 737 128 801 ut
146 720 339 820 peculiarem
366 714 504 791 Domini
525 716 697 813 glutiam,
736 742 775 790 oc
798 724 851 793 at·
875 715 1004 817 tltefien·

85 830 162 904 dem
179 819 432 921 ‘pretiofifflmum
450 818 576 915 semper
592 816 730 916 suspexi
742 874 752 904 ,
787 818 828 894 de
864 844 930 915 quo
961 818 1004 899 fs

85 923 156 1024 ipse
187 920 351 996 Dominus
387 919 548 995 multoties
579 944 628 993 me
653 917 804 1015 ,securam
845 912 1001 1001 reddidit.

88 1029 317 1123 Quapropter
352 1021 528 1112 ditetur,
553 1033 597 1099 ut
621 1018 751 1120 saepius
776 1023 1000 1112 mmiui'mus,

77 1122 113 1207 ια’
134 1130 195 1204 via
221 1125 343 1202 media
367 1149 442 1199 non
467 1122 644 1199 declinet:
671 1122 827 1201 visiones
851 1148 921 1200 nec
948 1124 1003 1201 as·

88 1228 208 1314 tenet,
254 1250 323 1302 neo
368 1225 586 1302 abhorreat:
630 1225 774 1302 animas
819 1225 1003 1326 eiusmodi

88 1329 276 1409 favoribus
308 1352 331 1404 a
357 1328 437 1402 Deo
463 1328 600 1402 ditatas
640 1350 709 1402 nec
734 1336 893 1422 quaerat,
931 1351 1002 1403 neo

85 1431 249 1529 rejiciat,
275 1426 301 1504 si
334 1426 460 1527 sponte
484 1440 668 1504 occurant.
717 1426 890 1527 Applicet
907 1451 1002 1528 pree·

85 1532 283 1630 scriptasa
313 1531 419 1605 nobis
455 1530 600 1625 regulas
624 1554 699 1604 non
732 1530 843 1606 modo
867 1532 918 1607 ud
935 1530 1005 1631 spi-

86 1637 181 1710 ritus
205 1653 333 1707 earum
358 1631 575 1727 qualitatem
614 1629 909 1728 dijudicandam,
939 1631 1002 1708 sed

26 1741 29 1746 ‘
89 1735 129 1814 ἀ
156 1734 205 1809 ad
231 1750 296 1811 eas
327 1732 403 1830 post
432 1731 600 1829 agnitum
625 1754 752 1808 earum
778 1732 936 1823 statum,
960 1744 1003 1810 ut

90 1852 178 1914 cum
203 1833 400 1931 omnigena
424 1831 606 1909 avulsione
628 1833 925 1930 progrediantur,
940 1836 1003 1912 be·

87 1956 136 2015 ne
160 1935 428 2035 gubernandas:
456 1933 495 2010 de
518 1932 778 2011 securumeum
803 1934 1001 2033 volo‚qu0d

85 2039 159 2117 Dei
187 2037 335 2134 gratia,
370 2057 455 2132 quae
480 2034 588 2112 sacris
613 2035 786 2111 ministris
811 2044 1001 2133 nunquam

87 2153 265 2236 negatur,
303 2136 501 2236 athUVante
527 2135 707 2236 ejusmodi
752 2138 896 2216 animas
931 2138 1002 2216 rite

88 2240 289 2320 oireuurus
313 2238 368 2316 stt.

87 2467 175 2548 10'1.
203 2456 472 2611 Moturum
498 2463 705 2552 Quintum.
756 2464 842 2542 Hac
866 2468 906 2545 in
922 2490 1002 2544 ma·

358 2566 451 2642 te'ria
477 2566 698 2642 Direllorem
730 2564 898 2663 sugd'cem
932 2566 1001 2644 effe

87 2679 257 2768 oportet:
294 2667 381 2764 quia
424 2676 498 2742 non
524 2669 652 2743 desunt
683 2667 861 2745 sumulatae
883 2669 1002 2768 pietu-

86 2773 138 2848 tis
163 2769 357 2858 homines,
383 2770 446 2865 qui
471 2766 626 2844 visiones
667 2780 855 2867 nunquam
893 2794 1001 2848 acce·

85 2885 171 2972 ptus
197 2894 282 2947 eum
310 2871 349 2948 in
385 2870 497 2945 finem
532 2868 697 2965 fingunt,
737 2884 780 2946 ut
816 2870 916 2971 apud
946 2868 1002 2948 sa·

88 2996 193 3049 crum
235 2973 401 3075 Judicem
450 2968 648 3046 tenuitatis
694 2970 1003 3053 existimationem

86 3086 326 3173 aucupentur.
378 3072 433 3148 At
449 3096 524 3170 non
538 3072 784 3149 consternetur
796 3084 1000 3172 propterea:

84 3164 261 3272 scquidem
293 3174 438 3250 illorum
470 3173 665 3250 mendacia
698 3174 869 3271 detegere
908 3198 1001 3252 neu·

83 3278 226 3374 tiquam
259 3272 405 3365 difficile
431 3274 510 3350 etit.
563 3273 604 3350 si
632 3273 830 3352 fundatum
870 3274 1002 3377 hujus·

84 3378 228 3457 cemodi
259 3374 413 3456 malitiae
451 3374 604 3456 dubium
631 3376 672 3454 in
691 3374 888 3456 unctoris
896 3401 1003 3456 men·
