2100 3870
82 174 149 267 &⁶-
161 154 427 293 proprietates
455 149 760 267 revelationum
830 189 935 285 227

79 348 160 416 rm,
185 345 281 421 qous
306 323 409 399 Deus
434 321 570 399 auimae
594 345 663 424 per
690 325 776 402 illas
812 330 934 407 mani·

79 450 142 505 are
167 425 356 523 dignatur.
421 424 650 525 Quapropter
674 422 826 505 enmono
852 453 933 508 ma·
961 452 964 457 ·

78 553 134 618 ta,
180 549 256 624 qua
329 539 427 615 tero,
452 525 499 603 dt·
516 523 702 617 claritate,
728 527 768 607 dt
811 531 933 609 brevi-

78 630 198 707 thoc·
214 626 254 705 δι
293 626 513 724 equentibus
538 629 721 735 capitibus
746 629 931 711 dilucidu-

119 729 339 825 Antequam
360 743 488 806 autern
512 727 661 805 initiu'm
684 729 832 822 faciam,
850 757 932 811 mo-

77 878 103 927 ι,
128 854 194 909 me
219 831 266 906 de
291 829 339 921 iis
358 826 421 905 hic
441 829 727 913 revelationibus
751 833 939 927 altorum,¹

77 957 92 1013 e
129 932 279 1033 proprie
330 929 426 1007 tales
459 929 560 1020 sunt,
606 955 650 1006 ac
679 932 754 1009 alio
779 935 933 1023 nomino

76 1034 230 1137 photiae,
252 1045 319 1110 aut
329 1030 555 1133 propheticae
574 1030 933 1117 revelationeocom·

76 1150 220 1226 untur,
245 1149 354 1234 prout
380 1131 742 1243 Dotlorlingelicus
764 1136 793 1226 (
819 1165 854 1219 2.
890 1156 931 1219 2.

75 1242 116 1340 'fl-
134 1262 236 1337 17¹·
282 1237 317 1311 itt
330 1235 510 1334 pensat.)
558 1235 712 1313 cntinuo
742 1236 827 1315 illis
864 1265 933 1317 no-

75 1353 141 1418 rat.
197 1339 367 1434 Cumque
391 1336 453 1414 hae
478 1360 564 1413 reve
603 1338 724 1416 tiones
750 1363 825 1417 nou
850 1364 934 1421 mo‘
979 1426 984 1435 ‚

79 1452 234 1528 creata,
259 1437 320 1515 sed
344 1438 460 1515 etiam
482 1439 608 1515 divina
621 1464 687 1542 pro
702 1438 933 1540 ‘objeuohno

74 1559 142 1635 nt,
179 1553 223 1617 ut
256 1540 295 1617 S.
322 1540 484 1617 Thomas
508 1540 618 1616 dicit:
668 1538 866 1639 Prophetico
881 1567 936 1617 rt-

74 1651 127 1724 tio
146 1640 192 1743 st
208 1641 354 1718 extendit
382 1666 447 1716 uon
468 1638 578 1740 solum
603 1639 650 1716 od
664 1641 806 1740 fitturos
826 1640 934 1719 lomi-

73 1776 83 1822 ι
123 1755 277 1831 eventus,
290 1742 354 1841 sed
385 1744 483 1822 etium
513 1740 560 1818 ud
589 1768 641 1818 ret
666 1743 817 1821 diuinos:
843 1745 935 1822 hinc

86 1846 276 1925 tradenda
308 1868 397 1920 mox
433 1843 680 1922 declaratione
717 1845 940 1949 posteriores¹

72 1975 119 2030 ue
147 1972 196 2025 ac
221 1948 361 2048 priores
385 1946 705 2051 conprehendam.

71 2182 101 2257 g.
116 2149 370 2318 Revelatio
394 2148 532 2247 itaquo
546 2148 598 2226 est
641 2145 849 2231 occultarum
880 2177 938 2231 ot*

236 2256 373 2328 rotatum
401 2251 554 2338 duellio,
584 2262 644 2326 uui
675 2251 860 2329 divinorum
879 2279 937 2332 ut⁴

71 2380 171 2432 torum
202 2354 415 2455 manifestatio
448 2352 638 2449 perlucent
688 2352 857 2450 infusum,
901 2355 940 2434 ot

70 2464 112 2534 'ut
136 2457 300 2554 recipient
326 2455 366 2531 dt
406 2452 564 2552 ejusmodi
593 2450 785 2531 veritatibus
817 2452 859 2531 u
881 2481 940 2531 or·

72 2568 107 2638 is
142 2569 253 2633 certos
292 2554 452 2634 redditur.
504 2554 629 2635 Primo
654 2554 831 2634 revelatio
869 2557 942 2634 cir«

79 2685 149 2740 res
179 2656 343 2735 occultas
368 2653 502 2734 versari
537 2656 669 2734 debet:
703 2659 783 2754 quio
824 2660 942 2738 aldeli·

104 2762 135 2861 (
163 2771 210 2836 ut
234 2759 438 2856 Angelicus
464 2784 498 2836 2.
527 2783 562 2836 2.
587 2780 644 2854 qu.
677 2784 768 2859 171..
797 2774 881 2838 att„
905 2787 941 2842 1.

69 2867 121 2944 it.
162 2858 184 2963 )
232 2857 406 2959 Propheta
433 2857 626 2958 cognoscunt
660 2882 715 2947 to,
746 2882 819 2958 quot
855 2859 942 2962 suot

68 2964 170 3053 tul,
212 2959 254 3039 Θ
293 2975 433 3037 remoto.
457 2956 500 3034 ab
540 2957 703 3036 lominum
749 2966 943 3060 cognitione.

84 3058 259 3166 quod&
284 3085 332 3139 ex
357 3062 431 3161 ipsa
445 3060 605 3138 nominis
630 3065 855 3163 etymologia
866 3063 943 3151 cla·

83 3163 315 3246 deducitur:
341 3162 518 3260 fiquidem
542 3163 705 3241 revelare
731 3164 831 3243 aliud
866 3189 944 3245 non

67 3283 151 3365 rat,
179 3287 291 3364 quam
316 3266 460 3352 velum,
486 3286 560 3360 quo
582 3287 643 3342 res
663 3267 807 3341 occulta
840 3276 945 3360 tege·

67 3387 156 3467 tur,
181 3387 393 3476 remouere,
417 3365 458 3547 dl}
481 3364 529 3443 fic
554 3390 640 3465 eam
659 3366 815 3450 auorum
839 3366 948 3445 obtu-

209 3476 217 3501 ¹
372 3470 413 3505 '·
484 3492 510 3552 a
567 3498 573 3511 =
622 3476 643 3485 ”
791 3496 799 3509 ·
848 3466 941 3552 a«

659 3697 664 3703 ,
697 3652 725 3699 ἱ
