2100 3870
73 210 131 259 ..ro
157 208 197 265 so
216 190 329 299 spurt
360 152 641 265 initieriualis,
719 182 723 189 '
852 128 931 286 19¹3

70 356 96 417 ι··
116 332 274 419 ratione
297 332 382 423 baec
405 328 536 424 absque
564 328 762 427 phantasiae
779 356 931 414 concur·

87 440 172 539 pe'r
198 456 341 513 meram
383 430 665 546 mtelligerp‘rm
717 432 931 513 formentur.

70 562 96 613 o
116 530 285 635 praestito
312 530 488 611 declarati
523 548 631 609 erunt
666 556 794 617 omnes
815 538 928 626 modi.

70 640 153 715 bus:
173 636 279 713 Deus
303 635 343 711 bt
374 633 535 709 caelestes
563 632 722 748 personae
742 637 929 713 nobismi·

70 762 124 827 s
170 736 367 820 exulibus,
397 733 441 813 δι·
478 735 678 833 peregrinis
710 734 814 835 super
854 752 929 823 ter·

70 864 87 917 1
126 836 239 935 loqui
271 832 445 995 poliunt.
630 876 634 881 ·
697 876 702 887 ·
836 914 839 921 ,

70 1042 414 1217 scums
290 1054 381 1119 reto
410 974 672 1121 intelleiiuales
698 1036 761 1123 hae
791 1034 926 1119 locuti·

232 1161 323 1217 ones
357 1138 393 1237 ip
395 1139 499 1217 sum
495 1136 603 1217 ,illud
651 1139 789 1217 idioma
829 1140 924 1234 sint,

70 1240 223 1337 »Aug
223 1243 293 1329 eli,
336 1163 393 1318 &p
402 1238 531 1317 ssnstae
568 1240 704 1316 animae
737 1240 776 1317 in
813 1242 925 1323 beata

70 1344 131 1421 rirt
160 1343 263 1421 inter
288 1338 324 1417 se
350 1355 522 1417 utuntur:
554 1334 745 1438 perspicio.
777 1344 924 1421 mecla·

71 1470 104 1521 1
115 1466 263 1523 earum
303 1442 434 1520 ideam
475 1462 664 1538 nunquam
707 1443 755 1518 ob
795 1443 925 1521 oculos

71 1550 238 1631 iturum,
278 1540 345 1619 nist
395 1544 575 1630 brevem,
618 1565 662 1619 ac
701 1538 924 1623 succinctam

71 1647 263 1737 :elisarum
304 1644 531 1731 locutionum
568 1644 740 1719 notitiam
775 1645 923 1743 praemi·

71 1777 90 1825 ι.
148 1747 239 1823 Non
263 1744 341 1844 jam
367 1746 470 1834 dico,
512 1766 572 1819 me
617 1766 759 1827 omnes,
783 1746 925 1825 schoia·

71 1872 182 1927 orum
220 1844 489 1943 Theologorum
528 1844 718 1941 opiniones
748 1846 845 1924 circa
882 1872 923 1923 e·

71 1949 171 2027 nodi
199 1948 404 2027 locutiones
449 1943 686 2029 declarandas
725 1946 764 2021 in
805 1948 923 2025 medi.

109 2051 338 2128 allaturum:
379 2070 466 2123 cum
497 2045 686 2123 sententiae
712 2048 810 2123 enim
826 2049 923 2125 mul·

80 2150 169 2229 ·smt
214 2174 258 2226 ac
299 2146 472 2234 diversae,
493 2159 599 2223 tanta
626 2147 837 2243 opinionum
856 2174 922 2229 va·

73 2270 139 2331 ate
175 2250 337 2327 Lestoris
368 2264 532 2325 mentem
566 2247 824 2324 confunderem
857 2274 923 2347 po·

71 2381 104 2443 s,
126 2360 246 2450 qtiam
276 2350 531 2427 illuminarem.
584 2350 809 2447 Quapropter
828 2351 923 2427 duas

71 2467 193 2533 itaxat
240 2451 425 2540 referam,
472 2471 632 2544 easque,
673 2470 756 2544 quae
800 2450 923 2548 plures

71 2578 85 2633 a
122 2556 276 2632 caeteris
313 2553 353 2628 in
401 2549 531 2627 scholis
575 2548 746 2644 sequaces
793 2574 923 2625 nume-

71 2672 112 2735 t:
161 2654 201 2732 tir
238 2677 313 2730 una
345 2676 497 2742 earum,
544 2672 627 2744 quae
660 2648 752 2726 mihi
796 2652 922 2727 minus

71 2757 206 2839 babilis
257 2755 434 2838 videtur,
470 2752 619 2851 rejefta,
642 2752 768 2839 atteri,
809 2775 922 2849 quam

72 2860 158 2936 itati
198 2854 321 2953 magis
355 2852 634 2933 consentaneum
671 2852 818 2953 judico,
842 2854 923 2933 ad·

72 2962 167 3039 rebo.

72 3158 251 3325 aptius
283 3110 408 3243 tarmen
445 3153 521 3234 duo
560 3152 721 3233 notanda
747 3152 923 3253 praemitti

196 3276 361 3359 oportet,
401 3253 439 3337 &
479 3258 792 3357 primoquidem,
824 3256 923 3350 quod

87 3363 326 3451 fumandum
355 3362 581 3443 locutionem
612 3381 711 3441 vere
722 3356 834 3435 tarem
850 3377 924 3439 uon

72 3458 228 3547 sarnll·
444 3458 479 3537 N
682 3534 687 3543 ,
803 3454 874 3539 ruf·
