2220 3870
34 77 37 81 Ι
84 144 118 259 6
174 115 329 253 'TrgW
343 129 485 266 Capd.
524 62 662 268 Qu,
689 147 753 236 (or
778 125 916 264 quales

88 296 460 387 Patrumuoltanina
484 299 705 393 abundant:
733 299 831 376 unde
858 297 1009 376 omnino

88 401 218 498 negari
242 426 320 481 nou
345 398 582 501 polluntmisr
606 425 630 478 a
655 412 823 497 protervo
848 401 1010 498 quodam

91 502 261 598 iugenio,
289 504 388 602 quod
412 502 472 579 vel
497 501 588 590 fide,
611 502 670 592 vel
692 500 833 599 ratione
860 501 1009 579 destitu-

88 615 174 693 tum
198 600 253 682 stt.
321 604 421 682 Num
446 603 539 680 adeo
565 618 700 689 enrotae
728 604 862 680 meotis
887 603 1009 679 homi·

92 728 181 795 nem
202 726 367 803 unquam
393 705 549 803 reperire
574 701 664 791 suit,
691 705 777 799 qui,
802 727 886 778 cum
913 705 1010 781 inter

89 830 260 902 gemmas
280 831 407 894 veras,
433 805 471 881 δι
489 812 658 884 monetas
680 804 867 901 legitimas
894 805 1010 882 etiam

90 906 319 986 adulteratas
346 909 426 986 dari
449 907 572 995 sciret,
597 931 746 984 omnem
772 906 872 983 luam
898 930 1009 1005 pecu·

91 1006 221 1094 niam,
258 1009 304 1086 δι’
325 1033 453 1089 omues
478 1008 560 1085 suas
587 1032 754 1111 gemmas
781 1009 1008 1085 adulterinas

90 1124 281 1209 reputaret
301 1111 387 1198 ‚dc
412 1110 511 1185 nulla
543 1133 671 1189 earum
704 1106 831 1190 habita
865 1113 1008 1188 ratione

89 1233 222 1287 omnes
247 1212 287 1291 ’tu
312 1235 414 1289 mare
440 1211 660 1310 projiceret?
686 1212 799 1287 Haud
822 1211 927 1287 aliter
954 1210 1008 1289 sa·

90 1335 140 1393 ne
167 1327 313 1413 ageret,
326 1390 328 1396 ,
341 1314 404 1408 qui
424 1312 521 1388 veris
541 1311 738 1389 vifionibus
763 1312 871 1389 falsas
885 1335 1009 1411 quas-

90 1414 181 1497 dam
197 1415 388 1494 unmixtas
415 1413 483 1491 elle
509 1413 624 1492 sciens
644 1470 670 1504 ,.
694 1437 824 1501 omues
850 1414 1009 1513 despice·

89 1528 178 1605 ret,
204 1514 247 1594 u·
263 1539 393 1604 ornnes
413 1528 479 1597 aut
500 1517 680 1593 daemonis
706 1515 917 1605 illusrones,
942 1528 1008 1592 aut

88 1616 248 1723 propriae
280 1616 481 1716 phantasiae
516 1617 751 1715 deceptiones
784 1615 863 1693 else.
888 1617 1009 1694 existi·

91 1731 224 1794 maret.
277 1718 505 1820 Quapropter
519 1717 609 1793 ficut
632 1718 679 1792 eir
702 1717 790 1804 hoc,
817 1718 915 1811 quod
929 1740 1008 1790 mo-

89 1831 205 1897 netas
223 1818 452 1899 adulteratas
476 1842 540 1918 per
564 1818 754 1895 civitatem
775 1816 900 1913 vagari
919 1814 1009 1892 scia·

90 1940 204 2009 tuuS,
228 1944 305 1997 nou
330 1947 375 1997 eo
395 1922 628 2007 inducimur,
655 1934 698 1996 ut
722 1941 852 1997 omnes
876 1940 942 2015 pro
967 1945 1008 1995 a·

88 2018 287 2099 dulterinis
312 2016 574 2125 suspiciamus,
607 2019 669 2105 sed
702 2033 746 2097 ut
778 2020 818 2105 in
847 2021 1008 2109 monetis

92 2121 353 2201 examinandis
371 2123 485 2201 ,valde
508 2122 664 2211 attenti,
688 2119 727 2200 dt
743 2120 783 2198 in
803 2121 851 2197 iis
877 2118 1007 2197 discen.

88 2222 225 2303 nendis
250 2224 487 2303 valdecauti
517 2222 659 2300 fimus:
697 2220 745 2297 fic
778 2221 878 2315 hoc,
909 2222 1008 2318 quod

87 2318 423 2429 supernaturalibus
446 2324 485 2403 dr
508 2324 644 2405 divinis
669 2322 866 2403 visionibus
882 2324 1009 2401 diabo-

3 2457 7 2463 ·
89 2422 212 2517 sicas,
235 2426 294 2507 'dr
321 2427 506 2517 humanas
540 2425 682 2504 misceri
713 2424 902 2517 sciamur,
937 2450 1008 2502 nos

90 2550 170 2617 non
195 2525 306 2609 debet
327 2531 479 2609 reddere
506 2528 658 2607 omniuo
683 2526 910 2616 incredulos,
940 2541 1008 2604 aut

90 2626 297 2714 inducere,
324 2643 369 2709 nt
393 2629 514 2707 nullas
541 2630 683 2729 prorsus
708 2650 816 2706 veras
849 2627 1008 2704 visiones

89 2728 133 2817 in
152 2728 224 2805 Del
241 2730 400 2811 Ecclesra
424 2733 504 2808 dari
526 2731 632 2811 stulte
657 2730 764 2807 uobis
800 2726 1010 2835 persuasum

77 2827 326 2930 ,habeamum
364 2832 425 2911 sed
449 2835 583 2924 debet,
607 2845 660 2911 ut
692 2830 826 2935 justum
849 2830 937 2909 dein
959 2833 1007 2908 de

88 2928 166 3019 illis
181 2931 368 3032 ¹judicium
392 2933 486 3013 ferre
510 2935 732 3023 valeamus,
762 2957 943 3031 maguum
967 2958 1008 3009 e-

88 3031 257 3136 iusmodi.
291 3039 469 3118 materias
504 3037 575 3135 rite
600 3033 836 3141 intelligendi
868 3033 1009 3112 defide-

89 3133 211 3225 rium,
235 3134 277 3213 &
299 3137 458 3214 multam
481 3133 580 3229 circa
605 3160 732 3217 earum
757 3135 931 3213 examina
948 3132 1008 3216 at·

89 3236 296 3325 tentionem
320 3240 361 3315 in
385 3239 492 3337 ¹nobis
518 3232 691 3345 enotare.
715 3298 718 3303 -
742 3236 786 3315 Id
810 3232 908 3336 quod
932 3236 1013 3335 ipse

88 3334 283 3447 stadius
314 3339 427 3448 nujus
454 3336 664 3449 sanuel
686 3365 698 3425 ε
721 3339 873 3455 iulia
891 3340 1009 3453 ,enim

121 3476 220 3549 ...fg
496 3502 505 3517 ι
552 3480 563 3523 r
889 3462 958 3544 pro

491 3530 595 3575 ow
