2220 3870
131 92 221 270 516¹
277 147 356 275 1ΤΥ·
381 152 432 250 V.
459 148 566 283 Cap.
589 136 703 247 XV.'
742 159 810 242 De
833 140 996 286 spriritus

26 338 29 344 '
125 311 191 403 ‘tia
206 334 228 412 ‚³
242 321 416 419 quaedam
441 315 496 394 sui
522 316 631 416 ipsius
659 318 881 413 existimatio
896 378 907 409 ‚
922 320 925 326 ’
943 321 982 399 dt
1006 323 1071 400 ali·

25 430 33 439 '
135 424 257 522 qualis
294 419 540 520 praesumtio,
574 420 664 495 dum
698 418 769 495 sese
801 444 825 495 a
862 423 1069 512 caelestibus

135 524 297 627 personis
319 521 508 599 favoribus
534 510 573 598 lit
597 522 860 619 blandimentis
879 525 1069 602 demulce·
1104 532 1109 587 ι’

35 672 41 694 1
134 630 168 705 ri
189 626 302 702 videt.
348 623 428 700 Nec
437 623 596 698 modicae
608 623 667 707 bae
700 622 897 720 superbiae,
942 630 1069 726 'utpote

134 726 244 805 sensis
271 724 515 810 humiliatio,
539 725 672 819 quibus
691 725 807 802 divini
817 724 971 804 favores
981 728 1068 806 sem·

135 851 201 931 per
229 827 354 902 sociati
378 827 552 902 advenire
576 824 712 911 solent,
734 825 900 916 vestitae,
926 854 950 907 a
995 853 1069 930 per·

133 931 233 1008 sonis
281 927 527 1026 spiritualibus
561 927 757 1003 ullatenus·
772 927 1066 1024 cognoscuntur,
1092 950 1097 1049 q

136 1033 211 1112 aut
231 1029 576 1128 apprehenduntur:
605 1029 704 1104 unde
729 1029 767 1106 ἂ
793 1050 867 1124 quo
891 1035 1066 1110 occultio-

32 1183 34 1187 «
134 1157 213 1220 rm,
240 1156 285 1206 eo
310 1131 431 1227 magis
455 1130 579 1205 noxiae
605 1126 675 1205 esse
694 1129 819 1205 solent.
875 1133 973 1221 Quis
999 1135 1066 1235 jam

135 1258 213 1311 non
236 1234 361 1319 videt,
389 1233 489 1327 quod
514 1232 679 1308 animam
703 1231 825 1308 fronte
851 1231 1066 1335 hujusmodi

135 1335 294 1415 maculis
320 1335 574 1409 contaminata
616 1358 691 1409 non
721 1348 893 1432 oporteat
923 1338 1065 1421 divino·

135 1461 219 1516 rum
246 1433 461 1534 sponsalium
487 1435 694 1511 thalamum
721 1433 859 1525 subire,
887 1450 934 1514 ut
958 1456 1063 1538 pera·

135 1562 280 1616 morem
313 1550 393 1612 tota
421 1536 593 1625 uniatur,
608 1534 653 1612 ac
678 1538 718 1611 in
743 1537 864 1612 Deum
891 1541 1062 1618 transscr-
1100 1594 1103 1601 ·

136 1637 294 1735 metor?
340 1638 464 1713 Tertio
489 1635 610 1714 insunt
626 1638 673 1717 iis
692 1637 882 1714 naturales
897 1645 1063 1737 quaedam
1097 1642 1102 1743 l

136 1738 433 1826 imbecillitates,
458 1760 541 1832 quae
566 1760 631 1837 per
655 1739 897 1838 purgationes
923 1741 1064 1834 sensus,
1098 1766 1102 1813 2

136 1855 267 1938 utpote
307 1841 355 1915 ad
380 1846 538 1941 tautam'
564 1842 787 1918 munditiem
830 1842 1065 1924 introducen-
1099 1922 1103 1967 Ι

16 2011 20 2017 ,
136 1945 226 2018 dam
245 1965 327 2016 ’non
350 1938 589 2026 sufficientes,
607 1965 678 2018 nec
706 1941 855 2019 sublatae
883 1943 990 2039 sunt,
1007 1969 1073 2024 net-
1099 2036 1103 2049 ‚

136 2044 218 2120 tolli
243 2053 454 2141 potuemnt.
504 2043 579 2118 Hae
605 2043 849 2120 confistuntin
864 2061 1066 2147 certoquo·

136 2147 225 2223 dam
249 2144 392 2243 pruritu
418 2144 668 2242 potentiarum
694 2145 743 2222 ad
769 2148 976 2241 agendum,
991 2151 1066 2229 &iu

136 2262 238 2324 certo
265 2268 393 2322 earum
426 2246 537 2323 modo
578 2245 669 2336 bos,
705 2247 816 2322 modo
856 2249 947 2328 illos
975 2253 1066 2345 atius
1098 2260 1103 2317 i

134 2347 382 2450 producendi,
407 2347 550 2442 hosque
577 2347 658 2436 hoc,
673 2347 733 2425 vel
757 2347 820 2422 illo
840 2354 1065 2432 naturaliin·

136 2450 327 2527 clinationi
353 2447 597 2525 consentaneo
623 2450 735 2525 modo
761 2451 996 2548 producendi
1016 2457 1066 2531 in·

135 2552 277 2628 stiniiu.
329 2550 380 2626 Et
402 2550 474 2625 hoc
500 2569 646 2646 quoque
671 2552 836 2628 animam
876 2553 1068 2655 exspoliari

136 2650 276 2728 necesse
301 2651 374 2739 est,
400 2664 443 2726 ut
468 2650 600 2749 passive
625 2652 663 2726 in
689 2653 759 2727 Dei
783 2653 963 2734 manibus
994 2677 1066 2756 pet·

131 2751 278 2840 sistere,
305 2754 353 2828 ab
377 2773 494 2848 eoque
520 2752 568 2826 ad
593 2752 696 2829 atius
722 2755 893 2845 animia,
923 2774 1067 2835 natura·

136 2852 218 2931 lem.
234 2853 316 2951 ejus
353 2853 600 2952 capacitatem
640 2868 833 2953 tantopere
856 2856 1066 2957 superantes
1100 2882 1104 2951 p

137 2956 279 3050 absque
316 2952 393 3030 ulla
442 2957 686 3053 repugnantia
725 2961 936 3054 permoveri
960 2959 1065 3059 pollit
1100 2964 1104 3011 l

135 3055 188 3134 Ut
214 3056 339 3132 aninta
365 3054 478 3152 igitur
503 3055 675 3132 omnibus
699 3058 781 3146 his,
821 3058 901 3156 post
930 3063 1064 3160 primas
1101 3014 1107 3145 i

128 3194 131 3199 ·
162 3157 374 3253 urgationes
415 3154 566 3232 resrduis
615 3157 841 3256 praejudiciis
888 3178 1065 3250 exuatur,
1102 3160 1105 3169 '

96 3287 101 3303 ·
134 3180 253 3334 iubare
279 3279 363 3331 eam
390 3270 534 3354 oportet
581 3260 762 3349 alteram,
789 3259 942 3361 spiritus
979 3262 1066 3341 scili·

135 3371 197 3435 cet
222 3357 503 3456 purgationem,
528 3358 662 3461 absque
683 3362 788 3441 omui
820 3364 1066 3468 comparatio·
1105 3392 1108 3403 ¹

49 3486 56 3501 ,
628 3516 631 3521 ,
875 3488 879 3493 .
980 3489 1028 3547 ne
