<?xml version="1.0" encoding="UTF-8"?>
<!DOCTYPE html PUBLIC "-//W3C//DTD XHTML 1.0 Transitional//EN"
    "http://www.w3.org/TR/xhtml1/DTD/xhtml1-transitional.dtd">
<html xmlns="http://www.w3.org/1999/xhtml" xml:lang="en" lang="en">
 <head>
  <title>
</title>
<meta http-equiv="Content-Type" content="text/html;charset=utf-8" />
  <meta name='ocr-system' content='tesseract 3.04.00' />
  <meta name='ocr-capabilities' content='ocr_page ocr_carea ocr_par ocr_line ocrx_word'/>
</head>
<body>
  <div class='ocr_page' id='page_1' title='image "./directoriummyst00scargoog_0389.png"; bbox 0 0 2220 3870; ppageno 0'>
   <div class='ocr_carea' id='block_1_1' title="bbox 63 151 946 315">
    <p class='ocr_par' dir='ltr' id='par_1_1' title="bbox 63 151 946 315">
     <span class='ocr_line' id='line_1_1' title="bbox 63 151 946 315; baseline -0.031 -10"><span class='ocrx_word' id='word_1_1' title='bbox 63 151 75 167; x_wconf 28' lang='lat'><strong><em>³</em></strong></span> <span class='ocrx_word' id='word_1_2' title='bbox 142 207 235 312; x_wconf 82' lang='lat'>374</span> <span class='ocrx_word' id='word_1_3' title='bbox 341 171 408 275; x_wconf 79' lang='lat' dir='ltr'>Tr·</span> <span class='ocrx_word' id='word_1_4' title='bbox 453 173 504 275; x_wconf 63' lang='lat' dir='ltr'>Vs</span> <span class='ocrx_word' id='word_1_5' title='bbox 540 180 641 314; x_wconf 79' lang='lat' dir='ltr'>Cap.</span> <span class='ocrx_word' id='word_1_6' title='bbox 681 184 735 276; x_wconf 74' lang='lat' dir='ltr'><em>V</em></span> <span class='ocrx_word' id='word_1_7' title='bbox 770 176 946 315; x_wconf 72' lang='lat' dir='ltr'>Effisius</span> 
     </span>
    </p>
   </div>
   <div class='ocr_carea' id='block_1_2' title="bbox 140 336 1108 1570">
    <p class='ocr_par' dir='ltr' id='par_1_2' title="bbox 140 336 1108 1570">
     <span class='ocr_line' id='line_1_2' title="bbox 140 336 1061 447; baseline -0.001 -18"><span class='ocrx_word' id='word_1_8' title='bbox 140 349 286 429; x_wconf 82' lang='lat' dir='ltr'>uinaria</span> <span class='ocrx_word' id='word_1_9' title='bbox 311 347 517 444; x_wconf 90' lang='lat' dir='ltr'>loquendo,</span> <span class='ocrx_word' id='word_1_10' title='bbox 544 336 685 447; x_wconf 73' lang='lat' dir='ltr'>nuliar&#39;p</span> <span class='ocrx_word' id='word_1_11' title='bbox 711 369 874 443; x_wconf 88' lang='lat' dir='ltr'>unquam</span> <span class='ocrx_word' id='word_1_12' title='bbox 900 351 1061 430; x_wconf 86' lang='lat' dir='ltr'>animam</span> 
     </span>
     <span class='ocr_line' id='line_1_3' title="bbox 143 449 1062 551; baseline -0.003 -19"><span class='ocrx_word' id='word_1_13' title='bbox 143 455 194 532; x_wconf 83' lang='lat' dir='ltr'>ad</span> <span class='ocrx_word' id='word_1_14' title='bbox 219 449 415 551; x_wconf 80' lang='lat' dir='ltr'>perfesiam</span> <span class='ocrx_word' id='word_1_15' title='bbox 441 449 790 549; x_wconf 84' lang='lat' dir='ltr'>contemplationem</span> <span class='ocrx_word' id='word_1_16' title='bbox 817 453 997 542; x_wconf 89' lang='lat' dir='ltr'>admittit,</span> <span class='ocrx_word' id='word_1_17' title='bbox 1011 456 1062 529; x_wconf 91' lang='lat' dir='ltr'>ni·</span> 
     </span>
     <span class='ocr_line' id='line_1_4' title="bbox 143 549 1064 652; baseline 0.005 -26"><span class='ocrx_word' id='word_1_18' title='bbox 143 553 282 652; x_wconf 87' lang='lat' dir='ltr'>srprius</span> <span class='ocrx_word' id='word_1_19' title='bbox 297 550 469 650; x_wconf 90' lang='lat' dir='ltr'>perhunc</span> <span class='ocrx_word' id='word_1_20' title='bbox 487 549 1064 650; x_wconf 74' lang='lat' dir='ltr'>acerbnfimarumpurgationum</span> 
     </span>
     <span class='ocr_line' id='line_1_5' title="bbox 141 653 1108 756; baseline 0.003 -27"><span class='ocrx_word' id='word_1_21' title='bbox 141 656 271 753; x_wconf 86' lang='lat' dir='ltr'><strong>ignem</strong></span> <span class='ocrx_word' id='word_1_22' title='bbox 297 653 496 729; x_wconf 87' lang='lat' dir='ltr'>transrerit:</span> <span class='ocrx_word' id='word_1_23' title='bbox 527 653 612 749; x_wconf 88' lang='lat' dir='ltr'>quia</span> <span class='ocrx_word' id='word_1_24' title='bbox 652 655 916 751; x_wconf 87' lang='lat' dir='ltr'>contemplatio</span> <span class='ocrx_word' id='word_1_25' title='bbox 943 657 1062 756; x_wconf 82' lang='lat' dir='ltr'>reapse</span> <span class='ocrx_word' id='word_1_26' title='bbox 1105 736 1108 743; x_wconf 69' lang='grc'><strong>,</strong></span> 
     </span>
     <span class='ocr_line' id='line_1_6' title="bbox 143 754 1103 852; baseline 0.001 -19"><span class='ocrx_word' id='word_1_27' title='bbox 143 754 302 833; x_wconf 82' lang='lat' dir='ltr'>consistit</span> <span class='ocrx_word' id='word_1_28' title='bbox 324 757 363 830; x_wconf 91' lang='lat' dir='ltr'>in</span> <span class='ocrx_word' id='word_1_29' title='bbox 389 757 529 832; x_wconf 71' lang='lat' dir='ltr'>assibus</span> <span class='ocrx_word' id='word_1_30' title='bbox 556 756 734 832; x_wconf 84' lang='lat' dir='ltr'>virtutum</span> <span class='ocrx_word' id='word_1_31' title='bbox 761 756 1061 852; x_wconf 83' lang='lat' dir='ltr'>theoiogicarum,</span> <span class='ocrx_word' id='word_1_32' title='bbox 1099 834 1103 843; x_wconf 81' lang='grc'><strong>,</strong></span> 
     </span>
     <span class='ocr_line' id='line_1_7' title="bbox 146 856 1064 961; baseline 0.001 -27"><span class='ocrx_word' id='word_1_33' title='bbox 146 856 255 946; x_wconf 88' lang='lat' dir='ltr'>fidei,</span> <span class='ocrx_word' id='word_1_34' title='bbox 282 857 320 933; x_wconf 77' lang='lat' dir='ltr'>de</span> <span class='ocrx_word' id='word_1_35' title='bbox 344 857 536 934; x_wconf 89' lang='lat' dir='ltr'>charitatis</span> <span class='ocrx_word' id='word_1_36' title='bbox 568 858 851 954; x_wconf 87' lang='lat' dir='ltr'>praecipue,per-</span> <span class='ocrx_word' id='word_1_37' title='bbox 875 860 976 935; x_wconf 91' lang='lat' dir='ltr'>dona</span> <span class='ocrx_word' id='word_1_38' title='bbox 987 861 1064 961; x_wconf 86' lang='lat' dir='ltr'>Spi-</span> 
     </span>
     <span class='ocr_line' id='line_1_8' title="bbox 144 957 1064 1058; baseline 0.004 -24"><span class='ocrx_word' id='word_1_39' title='bbox 144 959 240 1038; x_wconf 89' lang='lat' dir='ltr'>ritus</span> <span class='ocrx_word' id='word_1_40' title='bbox 267 957 376 1035; x_wconf 78' lang='lat' dir='ltr'>sansii</span> <span class='ocrx_word' id='word_1_41' title='bbox 401 959 635 1058; x_wconf 75' lang='lat' dir='ltr'>peculiariter</span> <span class='ocrx_word' id='word_1_42' title='bbox 657 957 826 1034; x_wconf 84' lang='lat' dir='ltr'>excultis.</span> <span class='ocrx_word' id='word_1_43' title='bbox 861 959 947 1036; x_wconf 89' lang='lat' dir='ltr'>·Ita·</span> <span class='ocrx_word' id='word_1_44' title='bbox 968 977 1011 1038; x_wconf 95' lang='lat' dir='ltr'>ut</span> <span class='ocrx_word' id='word_1_45' title='bbox 1026 987 1064 1038; x_wconf 84' lang='lat' dir='ltr'>a·</span> 
     </span>
     <span class='ocr_line' id='line_1_9' title="bbox 144 1060 1065 1158; baseline 0.001 -21"><span class='ocrx_word' id='word_1_46' title='bbox 144 1061 267 1148; x_wconf 83' lang='lat' dir='ltr'>nima,</span> <span class='ocrx_word' id='word_1_47' title='bbox 295 1062 343 1137; x_wconf 91' lang='lat' dir='ltr'>ad</span> <span class='ocrx_word' id='word_1_48' title='bbox 368 1061 534 1158; x_wconf 81' lang='lat' dir='ltr'>regulam</span> <span class='ocrx_word' id='word_1_49' title='bbox 560 1060 764 1154; x_wconf 86' lang='lat' dir='ltr'>loquendo,</span> <span class='ocrx_word' id='word_1_50' title='bbox 792 1063 839 1136; x_wconf 89' lang='lat' dir='ltr'>ad</span> <span class='ocrx_word' id='word_1_51' title='bbox 866 1061 1065 1138; x_wconf 88' lang='lat' dir='ltr'>caelestium</span> 
     </span>
     <span class='ocr_line' id='line_1_10' title="bbox 145 1162 1065 1262; baseline 0.002 -24"><span class='ocrx_word' id='word_1_52' title='bbox 145 1162 496 1260; x_wconf 80' lang='lat' dir='ltr'>contemplationem</span> <span class='ocrx_word' id='word_1_53' title='bbox 509 1162 698 1260; x_wconf 87' lang='lat' dir='ltr'>pervenire</span> <span class='ocrx_word' id='word_1_54' title='bbox 713 1176 881 1257; x_wconf 83' lang='lat' dir='ltr'>nequeat,</span> <span class='ocrx_word' id='word_1_55' title='bbox 891 1163 958 1237; x_wconf 84' lang='lat' dir='ltr'>nisi</span> <span class='ocrx_word' id='word_1_56' title='bbox 968 1166 1065 1262; x_wconf 91' lang='lat' dir='ltr'>prius</span> 
     </span>
     <span class='ocr_line' id='line_1_11' title="bbox 143 1258 1066 1343; baseline -0.001 -1"><span class='ocrx_word' id='word_1_57' title='bbox 143 1263 185 1343; x_wconf 88' lang='lat' dir='ltr'>in</span> <span class='ocrx_word' id='word_1_58' title='bbox 210 1265 342 1339; x_wconf 90' lang='lat' dir='ltr'>horum</span> <span class='ocrx_word' id='word_1_59' title='bbox 368 1265 599 1340; x_wconf 86' lang='lat' dir='ltr'>cruciatuum</span> <span class='ocrx_word' id='word_1_60' title='bbox 617 1258 765 1338; x_wconf 88' lang='lat' dir='ltr'>fornace</span> <span class='ocrx_word' id='word_1_61' title='bbox 792 1265 888 1338; x_wconf 89' lang='lat' dir='ltr'>circa</span> <span class='ocrx_word' id='word_1_62' title='bbox 925 1266 1066 1341; x_wconf 83' lang='lat' dir='ltr'>theolo-</span> 
     </span>
     <span class='ocr_line' id='line_1_12' title="bbox 145 1365 1067 1468; baseline 0.003 -28"><span class='ocrx_word' id='word_1_63' title='bbox 145 1366 313 1463; x_wconf 87' lang='lat' dir='ltr'>gicarum</span> <span class='ocrx_word' id='word_1_64' title='bbox 340 1367 518 1441; x_wconf 89' lang='lat' dir='ltr'>virtutum</span> <span class='ocrx_word' id='word_1_65' title='bbox 546 1365 848 1463; x_wconf 78' lang='lat' dir='ltr'>exercitationem</span> <span class='ocrx_word' id='word_1_66' title='bbox 881 1367 953 1442; x_wconf 88' lang='lat' dir='ltr'>rite</span> <span class='ocrx_word' id='word_1_67' title='bbox 990 1388 1067 1468; x_wconf 88' lang='lat' dir='ltr'>per·</span> 
     </span>
     <span class='ocr_line' id='line_1_13' title="bbox 143 1467 961 1570; baseline -0.005 -27"><span class='ocrx_word' id='word_1_68' title='bbox 143 1468 260 1570; x_wconf 86' lang='lat' dir='ltr'>polita</span> <span class='ocrx_word' id='word_1_69' title='bbox 285 1467 407 1542; x_wconf 88' lang='lat' dir='ltr'>fuerit.</span> <span class='ocrx_word' id='word_1_70' title='bbox 959 1469 961 1473; x_wconf 75' lang='grc'>’</span> 
     </span>
    </p>
   </div>
   <div class='ocr_carea' id='block_1_3' title="bbox 1108 526 1110 1659">
    <p class='ocr_par' dir='ltr' id='par_1_3' title="bbox 1108 526 1110 1659">
     <span class='ocr_line' id='line_1_14' title="bbox 1108 526 1110 1659; baseline 0 0"><span class='ocrx_word' id='word_1_71' title='bbox 1108 526 1110 1659; x_wconf 95' lang='lat' dir='ltr'> </span> 
     </span>
    </p>
   </div>
   <div class='ocr_carea' id='block_1_4' title="bbox 40 1625 1108 1826">
    <p class='ocr_par' dir='ltr' id='par_1_4' title="bbox 40 1625 1108 1826">
     <span class='ocr_line' id='line_1_15' title="bbox 40 1625 1108 1826; baseline 0.003 -82"><span class='ocrx_word' id='word_1_72' title='bbox 40 1625 42 1629; x_wconf 17' lang='lat'><strong><em>¹</em></strong></span> <span class='ocrx_word' id='word_1_73' title='bbox 146 1690 208 1767; x_wconf 82' lang='lat'>51.</span> <span class='ocrx_word' id='word_1_74' title='bbox 223 1666 388 1826; x_wconf 64' lang='lat' dir='ltr'>Sextus</span> <span class='ocrx_word' id='word_1_75' title='bbox 415 1669 592 1745; x_wconf 78' lang='lat' dir='ltr'>distarum</span> <span class='ocrx_word' id='word_1_76' title='bbox 616 1668 830 1763; x_wconf 81' lang='lat' dir='ltr'>ariditatum</span> <span class='ocrx_word' id='word_1_77' title='bbox 856 1668 998 1746; x_wconf 79' lang='lat' dir='ltr'>frusius</span> <span class='ocrx_word' id='word_1_78' title='bbox 1019 1670 1066 1747; x_wconf 87' lang='lat' dir='ltr'>est</span> <span class='ocrx_word' id='word_1_79' title='bbox 1106 1676 1108 1699; x_wconf 84' lang='lat'><strong>²</strong></span> 
     </span>
    </p>
   </div>
   <div class='ocr_carea' id='block_1_5' title="bbox 13 1768 1108 3514">
    <p class='ocr_par' dir='ltr' id='par_1_5' title="bbox 13 1768 1108 3517">
     <span class='ocr_line' id='line_1_16' title="bbox 301 1768 1067 1848; baseline 0.005 -4"><span class='ocrx_word' id='word_1_80' title='bbox 301 1771 465 1846; x_wconf 87' lang='lat' dir='ltr'>animam</span> <span class='ocrx_word' id='word_1_81' title='bbox 492 1773 606 1846; x_wconf 89' lang='lat' dir='ltr'>etiam</span> <span class='ocrx_word' id='word_1_82' title='bbox 632 1772 670 1847; x_wconf 92' lang='lat' dir='ltr'>in</span> <span class='ocrx_word' id='word_1_83' title='bbox 712 1768 910 1846; x_wconf 89' lang='lat' dir='ltr'>virtutibus</span> <span class='ocrx_word' id='word_1_84' title='bbox 948 1795 1067 1848; x_wconf 88' lang='lat' dir='ltr'>mora·</span> 
     </span>
     <span class='ocr_line' id='line_1_17' title="bbox 141 1869 1068 1968; baseline 0.003 -22"><span class='ocrx_word' id='word_1_85' title='bbox 141 1869 241 1947; x_wconf 87' lang='lat' dir='ltr'>libus</span> <span class='ocrx_word' id='word_1_86' title='bbox 266 1871 462 1968; x_wconf 76' lang='lat' dir='ltr'>perfestam</span> <span class='ocrx_word' id='word_1_87' title='bbox 489 1875 651 1948; x_wconf 85' lang='lat' dir='ltr'>reddere.</span> <span class='ocrx_word' id='word_1_88' title='bbox 704 1875 777 1948; x_wconf 91' lang='lat' dir='ltr'>Hic</span> <span class='ocrx_word' id='word_1_89' title='bbox 802 1895 885 1948; x_wconf 88' lang='lat' dir='ltr'>mea</span> <span class='ocrx_word' id='word_1_90' title='bbox 909 1873 1068 1951; x_wconf 89' lang='lat' dir='ltr'>intentio</span> 
     </span>
     <span class='ocr_line' id='line_1_18' title="bbox 145 1973 1067 2072; baseline 0.004 -25"><span class='ocrx_word' id='word_1_91' title='bbox 145 1995 191 2047; x_wconf 91' lang='lat' dir='ltr'>eo</span> <span class='ocrx_word' id='word_1_92' title='bbox 212 1997 287 2047; x_wconf 90' lang='lat' dir='ltr'>non</span> <span class='ocrx_word' id='word_1_93' title='bbox 313 1973 499 2069; x_wconf 85' lang='lat' dir='ltr'>dirigitur,</span> <span class='ocrx_word' id='word_1_94' title='bbox 525 1988 565 2051; x_wconf 87' lang='lat' dir='ltr'>ut</span> <span class='ocrx_word' id='word_1_95' title='bbox 594 1998 723 2049; x_wconf 87' lang='lat' dir='ltr'>ornnes</span> <span class='ocrx_word' id='word_1_96' title='bbox 763 1975 921 2057; x_wconf 87' lang='lat' dir='ltr'>virtutes</span> <span class='ocrx_word' id='word_1_97' title='bbox 963 1976 1067 2072; x_wconf 82' lang='lat' dir='ltr'>singi-</span> 
     </span>
     <span class='ocr_line' id='line_1_19' title="bbox 146 2073 1067 2173; baseline 0.003 -23"><span class='ocrx_word' id='word_1_98' title='bbox 146 2073 254 2150; x_wconf 84' lang='lat' dir='ltr'>latim</span> <span class='ocrx_word' id='word_1_99' title='bbox 279 2073 1067 2173; x_wconf 76' lang='lat' dir='ltr'>discutiam,&amp;persestionem,quamquae-</span> 
     </span>
     <span class='ocr_line' id='line_1_20' title="bbox 69 2176 1066 2274; baseline 0.002 -22"><span class='ocrx_word' id='word_1_100' title='bbox 69 2233 74 2239; x_wconf 84' lang='lat'>-</span> <span class='ocrx_word' id='word_1_101' title='bbox 143 2176 204 2252; x_wconf 88' lang='lat' dir='ltr'>vis</span> <span class='ocrx_word' id='word_1_102' title='bbox 223 2198 350 2251; x_wconf 89' lang='lat' dir='ltr'>earum</span> <span class='ocrx_word' id='word_1_103' title='bbox 378 2201 423 2251; x_wconf 85' lang='lat' dir='ltr'>ex</span> <span class='ocrx_word' id='word_1_104' title='bbox 449 2177 509 2251; x_wconf 92' lang='lat' dir='ltr'>his</span> <span class='ocrx_word' id='word_1_105' title='bbox 536 2177 814 2274; x_wconf 88' lang='lat' dir='ltr'>purgationibus</span> <span class='ocrx_word' id='word_1_106' title='bbox 840 2176 986 2264; x_wconf 86' lang='lat' dir='ltr'>haurit,</span> <span class='ocrx_word' id='word_1_107' title='bbox 1022 2181 1066 2255; x_wconf 94' lang='lat' dir='ltr'>ob</span> 
     </span>
     <span class='ocr_line' id='line_1_21' title="bbox 144 2274 1108 2378; baseline -0.004 -25"><span class='ocrx_word' id='word_1_108' title='bbox 144 2277 274 2354; x_wconf 93' lang='lat' dir='ltr'>oculos</span> <span class='ocrx_word' id='word_1_109' title='bbox 300 2302 454 2377; x_wconf 83' lang='lat' dir='ltr'>ponam3</span> <span class='ocrx_word' id='word_1_110' title='bbox 482 2274 722 2374; x_wconf 77' lang='lat' dir='ltr'>siquidem&amp;</span> <span class='ocrx_word' id='word_1_111' title='bbox 750 2278 906 2354; x_wconf 88' lang='lat' dir='ltr'>nimium</span> <span class='ocrx_word' id='word_1_112' title='bbox 933 2280 1065 2378; x_wconf 92' lang='lat' dir='ltr'>longus</span> <span class='ocrx_word' id='word_1_113' title='bbox 1106 2326 1108 2349; x_wconf 86' lang='grc'>.</span> 
     </span>
     <span class='ocr_line' id='line_1_22' title="bbox 20 2378 1108 2466; baseline -0.002 -9"><span class='ocrx_word' id='word_1_114' title='bbox 20 2422 22 2427; x_wconf 92' lang='grc'><strong><em>·</em></strong></span> <span class='ocrx_word' id='word_1_115' title='bbox 143 2378 280 2466; x_wconf 87' lang='lat' dir='ltr'>sorem,</span> <span class='ocrx_word' id='word_1_116' title='bbox 307 2379 529 2457; x_wconf 87' lang='lat' dir='ltr'>&amp;nimium</span> <span class='ocrx_word' id='word_1_117' title='bbox 555 2380 728 2456; x_wconf 86' lang='lat' dir='ltr'>molestus</span> <span class='ocrx_word' id='word_1_118' title='bbox 754 2381 974 2459; x_wconf 88' lang='lat' dir='ltr'>acciderem.</span> <span class='ocrx_word' id='word_1_119' title='bbox 1028 2382 1065 2458; x_wconf 89' lang='lat' dir='ltr'>Si</span> <span class='ocrx_word' id='word_1_120' title='bbox 1104 2378 1108 2411; x_wconf 73' lang='lat'>⁴</span> 
     </span>
     <span class='ocr_line' id='line_1_23' title="bbox 144 2482 1065 2579; baseline -0.001 -22"><span class='ocrx_word' id='word_1_121' title='bbox 144 2505 235 2557; x_wconf 85' lang='lat' dir='ltr'>vero</span> <span class='ocrx_word' id='word_1_122' title='bbox 271 2482 400 2558; x_wconf 73' lang='lat' dir='ltr'>Lestor</span> <span class='ocrx_word' id='word_1_123' title='bbox 436 2485 632 2579; x_wconf 88' lang='lat' dir='ltr'>quemdam</span> <span class='ocrx_word' id='word_1_124' title='bbox 668 2482 804 2558; x_wconf 87' lang='lat' dir='ltr'>mentis</span> <span class='ocrx_word' id='word_1_125' title='bbox 827 2482 1004 2559; x_wconf 91' lang='lat' dir='ltr'>obtutum</span> <span class='ocrx_word' id='word_1_126' title='bbox 1028 2483 1065 2557; x_wconf 94' lang='lat' dir='ltr'>in</span> 
     </span>
     <span class='ocr_line' id='line_1_24' title="bbox 144 2580 1064 2681; baseline 0 -23"><span class='ocrx_word' id='word_1_127' title='bbox 144 2580 194 2658; x_wconf 88' lang='lat' dir='ltr'>iis</span> <span class='ocrx_word' id='word_1_128' title='bbox 222 2583 380 2679; x_wconf 82' lang='lat' dir='ltr'>defigere</span> <span class='ocrx_word' id='word_1_129' title='bbox 406 2585 514 2672; x_wconf 90' lang='lat' dir='ltr'>velit,</span> <span class='ocrx_word' id='word_1_130' title='bbox 542 2584 639 2658; x_wconf 90' lang='lat' dir='ltr'>clare</span> <span class='ocrx_word' id='word_1_131' title='bbox 661 2583 868 2681; x_wconf 87' lang='lat' dir='ltr'>perspiciet,</span> <span class='ocrx_word' id='word_1_132' title='bbox 893 2584 1064 2678; x_wconf 91' lang='lat' dir='ltr'>quodhic</span> 
     </span>
     <span class='ocr_line' id='line_1_25' title="bbox 111 2686 1064 2781; baseline 0 -23"><span class='ocrx_word' id='word_1_133' title='bbox 111 2690 114 2695; x_wconf 85' lang='grc'><strong>’</strong></span> <span class='ocrx_word' id='word_1_134' title='bbox 145 2705 234 2758; x_wconf 84' lang='lat' dir='ltr'>vera</span> <span class='ocrx_word' id='word_1_135' title='bbox 272 2686 483 2781; x_wconf 87' lang='lat' dir='ltr'>obtineatur</span> <span class='ocrx_word' id='word_1_136' title='bbox 517 2686 725 2781; x_wconf 91' lang='lat' dir='ltr'>patientia:</span> <span class='ocrx_word' id='word_1_137' title='bbox 752 2686 849 2759; x_wconf 90' lang='lat' dir='ltr'>inter</span> <span class='ocrx_word' id='word_1_138' title='bbox 874 2697 1004 2762; x_wconf 90' lang='lat' dir='ltr'>tantas</span> <span class='ocrx_word' id='word_1_139' title='bbox 1030 2709 1064 2758; x_wconf 92' lang='lat' dir='ltr'>e·</span> 
     </span>
     <span class='ocr_line' id='line_1_26' title="bbox 143 2783 1104 2882; baseline 0 -22"><span class='ocrx_word' id='word_1_140' title='bbox 143 2783 223 2860; x_wconf 89' lang='lat' dir='ltr'>nim</span> <span class='ocrx_word' id='word_1_141' title='bbox 249 2786 442 2874; x_wconf 80' lang='lat' dir='ltr'>tenebras,</span> <span class='ocrx_word' id='word_1_142' title='bbox 467 2785 669 2874; x_wconf 80' lang='lat' dir='ltr'>siccitates,</span> <span class='ocrx_word' id='word_1_143' title='bbox 696 2785 906 2882; x_wconf 87' lang='lat' dir='ltr'>angustias,</span> <span class='ocrx_word' id='word_1_144' title='bbox 940 2785 1063 2862; x_wconf 84' lang='lat' dir='ltr'>confli·</span> <span class='ocrx_word' id='word_1_145' title='bbox 1101 2788 1104 2831; x_wconf 77' lang='lat'><em>³</em></span> 
     </span>
     <span class='ocr_line' id='line_1_27' title="bbox 143 2834 1104 2995; baseline 0 -34"><span class='ocrx_word' id='word_1_146' title='bbox 143 2883 235 2973; x_wconf 80' lang='lat' dir='ltr'>iius,</span> <span class='ocrx_word' id='word_1_147' title='bbox 259 2887 424 2977; x_wconf 89' lang='lat' dir='ltr'>dolores,</span> <span class='ocrx_word' id='word_1_148' title='bbox 451 2889 689 2976; x_wconf 71' lang='lat' dir='ltr'>afflidiones,</span> <span class='ocrx_word' id='word_1_149' title='bbox 715 2887 754 2964; x_wconf 72' lang='lat' dir='ltr'>dc</span> <span class='ocrx_word' id='word_1_150' title='bbox 779 2900 836 2962; x_wconf 92' lang='lat' dir='ltr'>tot</span> <span class='ocrx_word' id='word_1_151' title='bbox 862 2886 957 2963; x_wconf 88' lang='lat' dir='ltr'>alias</span> <span class='ocrx_word' id='word_1_152' title='bbox 983 2910 1060 2984; x_wconf 88' lang='lat' dir='ltr'>gra·</span> <span class='ocrx_word' id='word_1_153' title='bbox 1098 2834 1104 2995; x_wconf 68' lang='lat' dir='ltr'>s</span> 
     </span>
     <span class='ocr_line' id='line_1_28' title="bbox 138 2986 1060 3092; baseline -0.001 -30"><span class='ocrx_word' id='word_1_154' title='bbox 138 2986 303 3092; x_wconf 31' lang='lat' dir='ltr'>&#39;vissrmas</span> <span class='ocrx_word' id='word_1_155' title='bbox 327 2990 583 3066; x_wconf 89' lang='lat' dir='ltr'>tribulationes</span> <span class='ocrx_word' id='word_1_156' title='bbox 609 2991 729 3066; x_wconf 89' lang='lat' dir='ltr'>virtus</span> <span class='ocrx_word' id='word_1_157' title='bbox 759 2988 842 3064; x_wconf 86' lang='lat' dir='ltr'>haec</span> <span class='ocrx_word' id='word_1_158' title='bbox 866 2986 976 3087; x_wconf 79' lang='lat' dir='ltr'>juxta</span> <span class='ocrx_word' id='word_1_159' title='bbox 1013 2987 1060 3062; x_wconf 87' lang='lat' dir='ltr'>es·</span> 
     </span>
     <span class='ocr_line' id='line_1_29' title="bbox 142 3087 1059 3188; baseline -0.007 -19"><span class='ocrx_word' id='word_1_160' title='bbox 142 3087 264 3169; x_wconf 85' lang='lat' dir='ltr'>fatum</span> <span class='ocrx_word' id='word_1_161' title='bbox 290 3092 527 3168; x_wconf 84' lang='lat' dir='ltr'>Ecclefiastici</span> <span class='ocrx_word' id='word_1_162' title='bbox 554 3091 582 3182; x_wconf 85' lang='lat'><em>(</em></span> <span class='ocrx_word' id='word_1_163' title='bbox 612 3116 683 3187; x_wconf 80' lang='lat' dir='ltr'>cop.</span> <span class='ocrx_word' id='word_1_164' title='bbox 714 3117 748 3168; x_wconf 91' lang='lat'>2.</span> <span class='ocrx_word' id='word_1_165' title='bbox 774 3115 806 3164; x_wconf 89' lang='lat' dir='ltr'>u.</span> <span class='ocrx_word' id='word_1_166' title='bbox 844 3091 937 3188; x_wconf 87' lang='lat'>4.)</span> <span class='ocrx_word' id='word_1_167' title='bbox 974 3087 1059 3164; x_wconf 84' lang='lat' dir='ltr'>sicut</span> 
     </span>
     <span class='ocr_line' id='line_1_30' title="bbox 140 3187 1060 3292; baseline -0.004 -25"><span class='ocrx_word' id='word_1_168' title='bbox 140 3213 273 3267; x_wconf 82' lang='lat' dir='ltr'>aurum</span> <span class='ocrx_word' id='word_1_169' title='bbox 300 3197 339 3268; x_wconf 89' lang='lat' dir='ltr'>in</span> <span class='ocrx_word' id='word_1_170' title='bbox 364 3194 450 3290; x_wconf 89' lang='lat' dir='ltr'>igne</span> <span class='ocrx_word' id='word_1_171' title='bbox 473 3192 689 3292; x_wconf 83' lang='lat' dir='ltr'>perficitur:¹</span> <span class='ocrx_word' id='word_1_172' title='bbox 707 3212 815 3279; x_wconf 75' lang='lat' dir='ltr'>omne,</span> <span class='ocrx_word' id='word_1_173' title='bbox 829 3189 919 3286; x_wconf 82' lang='lat' dir='ltr'>quod</span> <span class='ocrx_word' id='word_1_174' title='bbox 936 3187 1060 3288; x_wconf 79' lang='lat' dir='ltr'>tibiap·</span> 
     </span>
     <span class='ocr_line' id='line_1_31' title="bbox 15 3286 1060 3474; baseline 0.005 -112"><span class='ocrx_word' id='word_1_175' title='bbox 15 3335 69 3397; x_wconf 27' lang='grc' dir='ltr'>,κ-</span> <span class='ocrx_word' id='word_1_176' title='bbox 134 3291 290 3392; x_wconf 78' lang='lat' dir='ltr'>plicitum</span> <span class='ocrx_word' id='word_1_177' title='bbox 294 3298 432 3474; x_wconf 64' lang='lat' dir='ltr'>suerit,</span> <span class='ocrx_word' id='word_1_178' title='bbox 458 3299 586 3394; x_wconf 72' lang='lat' dir='ltr'>accrpe:</span> <span class='ocrx_word' id='word_1_179' title='bbox 613 3293 655 3370; x_wconf 57' lang='grc' dir='ltr'>θ’</span> <span class='ocrx_word' id='word_1_180' title='bbox 674 3298 709 3370; x_wconf 79' lang='lat' dir='ltr'>ib</span> <span class='ocrx_word' id='word_1_181' title='bbox 734 3291 845 3368; x_wconf 82' lang='lat' dir='ltr'>dolore</span> <span class='ocrx_word' id='word_1_182' title='bbox 860 3286 1060 3392; x_wconf 55' lang='lat' dir='ltr'>festia&amp;</span> 
     </span>
     <span class='ocr_line' id='line_1_32' title="bbox 13 3392 1060 3514; baseline -0.013 -31"><span class='ocrx_word' id='word_1_183' title='bbox 13 3442 17 3483; x_wconf 86' lang='grc'>;</span> <span class='ocrx_word' id='word_1_184' title='bbox 73 3392 178 3493; x_wconf 38' lang='lat' dir='ltr'>,isaia</span> <span class='ocrx_word' id='word_1_185' title='bbox 205 3392 296 3474; x_wconf 73' lang='lat' dir='ltr'>humi</span> <span class='ocrx_word' id='word_1_186' title='bbox 307 3399 388 3478; x_wconf 77' lang='lat' dir='ltr'>me</span> <span class='ocrx_word' id='word_1_187' title='bbox 411 3411 472 3476; x_wconf 78' lang='lat' dir='ltr'>tua</span> <span class='ocrx_word' id='word_1_188' title='bbox 488 3399 687 3500; x_wconf 76' lang='lat' dir='ltr'>patientiam</span> <span class='ocrx_word' id='word_1_189' title='bbox 710 3393 816 3474; x_wconf 77' lang='lat' dir='ltr'>habe:</span> <span class='ocrx_word' id='word_1_190' title='bbox 838 3397 995 3514; x_wconf 68' lang='lat' dir='ltr'>quoniam</span> <span class='ocrx_word' id='word_1_191' title='bbox 1028 3396 1060 3471; x_wconf 80' lang='lat' dir='ltr'>ur</span> 
     </span>
    </p>
   </div>
   <div class='ocr_carea' id='block_1_6' title="bbox 0 0 1114 3870">
    <p class='ocr_par' dir='ltr' id='par_1_6' title="bbox 0 0 1114 3870">
     <span class='ocr_line' id='line_1_33' title="bbox 0 0 1114 3870; baseline 0 0"><span class='ocrx_word' id='word_1_192' title='bbox 0 0 1114 3870; x_wconf 95' lang='lat' dir='ltr'> </span> 
     </span>
    </p>
   </div>
  </div>
 </body>
</html>
