2220 3870
386 161 666 261 Memaaliliaa

119 341 454 442 contemplationis
474 348 719 447 proprietates
736 340 995 443 inseparabiles

69 439 153 518 sunt
173 444 346 543 suspensio
363 451 501 524 mentis
512 451 561 527 in
574 450 713 538 Deum,
726 448 893 537 dileetio,
910 470 996 546 pax,

69 547 229 642 aliaeque
250 551 492 649 proprietates
511 551 758 628 admirabiles.
788 548 995 651 217&seq.

69 639 163 824 {iuss
183 645 333 728 effeiius
354 653 394 728 in
417 655 542 731 anima
559 653 662 729 illam
679 652 891 752 recipiente.
907 677 994 751 223.

148 774 229 846 equ.
724 770 733 795 ⁸
786 789 789 797 ·

123 852 496 953 Contemplationem·
515 860 646 954 puram
677 856 780 941 Deus
817 880 893 934 non
930 853 997 959 nisr

69 957 265 1034 animabus
287 958 472 1054 purgatis,
489 955 527 1033 dt
547 957 716 1055 persestis
730 958 897 1056 largitur.
909 966 1013 1059 214..'.

122 1059 397 1157 Contemplatio
435 1060 474 1134 in
504 1057 646 1134 summo
680 1060 798 1157 gradu
826 1057 1009 1153 sumnon-

69 1166 134 1241 diu
152 1164 275 1239 durat.
290 1185 374 1260 245.
424 1162 465 1237 ln
487 1160 558 1238 hac
573 1161 656 1260 plus
678 1161 864 1259 cognosci,
883 1182 996 1258 quam
1023 1168 1025 1173 ’

69 1266 207 1351 amari,
232 1262 271 1340 dc
291 1265 374 1360 plus
392 1265 531 1351 amari,
547 1286 660 1360 quam
677 1256 845 1361 cognosci
861 1263 995 1361 potest.
1044 1273 1048 1278 ’

69 1392 156 1464 253.
209 1365 380 1442 Libertas
405 1364 543 1441 amoris
558 1366 609 1440 in
633 1365 847 1453 nulla-licet
873 1363 995 1441 altini·

69 1494 130 1549 ma
155 1465 467 1567 contemplatione
491 1467 667 1565 perditur.
697 1489 782 1566 254.
808 1465 848 1543 dt
872 1489 958 1562 255.

118 1566 395 1668 Contemplatio
413 1569 454 1644 in
472 1567 647 1666 supremis
665 1568 832 1666 mysticae
847 1568 997 1652 unionis

69 1674 263 1772 gradibus,
291 1695 365 1747 non
389 1687 478 1747 vero
495 1671 536 1745 in
552 1669 807 1758 inferioribuS‚
832 1672 998 1760 animam

69 1779 116 1852 de
144 1775 238 1851 statu
261 1773 394 1869 gratiae
417 1771 590 1849 securam
601 1771 771 1860 reddit,
789 1772 878 1868 quia
898 1769 998 1869 ejus·

69 1877 171 1956 modi
197 1873 286 1951 unio
311 1872 469 1972 prastica
500 1870 581 1972 ejus
610 1871 789 1950 revelatio
808 1872 870 1950 est.
908 1899 928 1950 2
935 1895 995 1977 57.

69 1981 169 2058 Huic
187 1975 350 2054 scientiae
368 1975 545 2054 humanae
565 2000 640 2052 nou
656 1972 738 2052 sunt
753 1973 998 2074 impedimen.

69 2095 119 2159 to.
149 2085 234 2158 261.
309 2078 398 2156 Non
423 2090 551 2159 tamen
573 2078 719 2178 proprie
745 2078 931 2173 loquendo
952 2077 996 2153 in

69 2184 139 2261 hac
164 2179 322 2285 consistit
349 2179 545 2279 persedio,
571 2201 642 2271 nec
666 2177 719 2256 est
743 2179 909 2255 medium
930 2190 996 2253 ne·

69 2281 259 2360 cessarium
275 2283 323 2357 ad
338 2305 423 2357 eam
438 2279 743 2375 consequendam.
761 2284 847 2358 262.
858 2276 897 2354 dt
908 2284 995 2373 263.

69 2383 168 2477 Quid
196 2381 240 2464 fit
271 2381 596 2479 contemplationis
632 2381 808 2477 gradus:
846 2379 909 2480 alii
932 2399 999 2477 per

70 2487 172 2566 usius
190 2481 397 2570 distinctos,
423 2481 488 2558 alii
505 2503 571 2580 per
592 2481 819 2560 indistinttos
835 2481 999 2559 forman·

69 2607 140 2669 tur.
169 2585 233 2665 ΙΙΙ.
251 2610 288 2664 2.
305 2583 346 2662 &
366 2583 439 2682 seq.
793 2594 795 2598 ’

69 2883 331 3066 Defeslus,
365 2889 500 2989 quibus
534 2887 755 2989 incipientes
785 2884 902 2963 solent
927 2882 1003 2962 esse

186 2994 349 3097 obnoxii.
376 2993 423 3071 V.
451 3019 513 3090 23.

122 3097 294 3194 Deliquia
314 3097 353 3171 in
375 3097 542 3172 oratione
561 3090 701 3191 quietis¹
715 3085 914 3187 aliquando
934 3104 1024 3162 na·r

69 3201 203 3278 turalis
228 3198 435 3274 debilitatis
456 3194 607 3273 effertus
623 3192 726 3271 sunt.
799 3188 907 3268 Unde
927 3186 1002 3264 hoc

69 3299 321 3398 cognoscatur.
348 3298 411 3375 lll.
435 3320 495 3394 50.
841 3280 848 3313 ¹

119 3404 281 3486 Daemon
306 3423 377 3481 nos
402 3424 481 3483 non
503 3407 650 3496 tentat,
672 3406 858 3531 quadum
869 3389 1009 3581 {alget}
