2100 3870
201 166 393 327 prassica
418 110 493 329 pto
528 152 728 291 diretiae.
769 316 772 321 .
884 219 979 325 107

73 357 266 437 onucludit:
297 358 388 461 Quin
404 360 504 437 usum
520 359 669 460 sentiant
692 361 849 461 φῆναι,
874 364 979 443 νηπίω

73 460 248 558 sigidiores
280 475 427 553 manent,
441 474 537 560 quom
557 467 588 561 st
611 465 765 564 depibiam
788 468 879 563 piam
895 472 979 542 ima·

73 564 156 659 pem
179 561 442 667 aspextffint(
464 567 542 668 cast,
564 568 628 650 int,
653 565 768 666 Manſs
795 572 883 643 b..c.
911 569 979 670 9.)

73 788 114 863 95
125 768 230 940 Ex
255 766 390 845 ultimo
414 769 487 847 hoc
508 769 609 869 signo
634 768 786 850 diresior
811 769 907 850 sorte
934 795 979 851 u·

255 870 402 963 berius,
429 895 540 969 quam
579 897 627 948 ex
666 874 837 949 omnibus
871 872 978 966 aliis,

73 988 176 1053 umen
204 973 359 1051 haurire
397 975 533 1075 potenit
559 973 770 1053 auretium
795 974 976 1073 judicium

73 1067 273 1162 bendum
310 1099 399 1153 num
441 1068 605 1176 discipuli
631 1073 682 1150 sui
729 1075 886 1158 visiones
922 1077 982 1157 di·

73 1178 129 1255 riui
151 1179 332 1263 favores,
353 1202 405 1256 au
431 1180 587 1278 propriae
611 1178 889 1275 imaginationis
911 1181 977 1257 de·

73 1283 258 1379 optiones·
279 1279 360 1357 sint.
412 1281 454 1365 Si
478 1304 565 1357 eum
585 1279 666 1380 jam
689 1282 887 1377 deceptum
918 1280 978 1355 in·

73 1386 189 1469 cenat,
216 1382 327 1459 illum
353 1381 528 1482 peculiari
553 1405 639 1459 cum
660 1381 781 1476 rigore
803 1406 878 1456 non
899 1391 978 1459 tra·

73 1482 226 1563 bandum
253 1497 432 1561 autumo:
459 1496 541 1561 tum
565 1480 653 1583 quia
677 1480 880 1582 phantasiae
909 1480 981 1559 sal·
1024 1496 1035 1511 “

77 1580 158 1663 bcie
193 1586 328 1663 minus
366 1583 588 1685 periculosa.
612 1584 653 1664 δι
687 1585 813 1663 minus
830 1583 977 1661 --noxiae

82 1684 157 1775 bn,
186 1710 308 1786 quam
333 1686 518 1765 fflufiones
541 1687 774 1766 daemonum:
798 1700 881 1763 tum
889 1684 977 1781 quia

80 1790 339 1888 utplurimum
368 1787 443 1866 fine'
475 1789 612 1866 animae
649 1789 757 1887 culpa
788 1812 838 1865 ex
872 1809 977 1865 mera

75 1891 259 1969 marialis
287 1890 397 1989 huju-s
423 1891 601 1990 potentiae
614 1889 804 1970 debilitate
831 1890 977 1967 contin·

73 2011 159 2090 gunt.
231 1993 374 2090 Excipe
397 2004 524 2070 tamen
549 1990 690 2081 casum,
725 2015 798 2089 quo
824 1991 977 2090 persona

73 2093 187 2173 senon
211 2094 472 2184 obedientem,
502 2117 716 2193 procacem,
744 2119 789 2171 ac
819 2093 978 2192 phanta-

73 2194 151 2275 sticis
186 2197 263 2273 suis
304 2196 490 2294 speciebus
524 2221 600 2273 non
624 2196 698 2271 sine
723 2195 828 2293 gravi
864 2196 979 2272 detri-

73 2317 180 2377 mento
216 2299 456 2398 pertinaciter
490 2296 798 2373 adbaerescentem
814 2297 977 2374 exhibet:

73 2400 232 2497 squidem
258 2417 341 2476 tum
377 2400 560 2497 paenitens
585 2399 716 2496 majori
755 2421 840 2475 cum
876 2397 977 2474 seve-

73 2503 162 2581 iitate
185 2501 432 2599 excipiendus
460 2501 566 2577 foret.
632 2500 824 2577 Ordinarie
849 2498 977 2595 itaque

73 2602 153 2682 ilum
185 2626 342 2684 monere
368 2601 537 2690 sufficiet,
564 2615 607 2679 ut
632 2600 816 2702 eiusmodi
840 2623 977 2694 rerum,

75 2703 255 2806 inqiubus
288 2706 431 2803 propria
475 2704 664 2804 phantasia
690 2725 912 2803 magnopere
922 2704 979 2782 lo-

73 2828 137 2886 cum
157 2812 304 2886 habere
330 2805 466 2904 potest,
489 2806 631 2883 nullam
655 2806 836 2882 rationem
863 2804 979 2882 habe·

74 2925 114 2999 tt,
143 2910 425 3011 subjungendo,
455 2909 554 3005 quod
580 2907 752 3008 perfettio
777 2933 852 2983 non
870 2907 980 2983 invi·

76 3007 237 3101 ionibus,
267 3010 329 3117 sed
365 3011 404 3086 in
443 3009 633 3107 praeclaris
655 3033 721 3109 pro
747 3008 818 3084 Dei
855 3008 976 3108 gloria

73 3118 225 3212 operibus
253 3110 457 3204 consistatp
484 3111 583 3209 quod
609 3131 844 3207 nequaquam
869 3107 978 3188 visio-

73 3236 130 3306 ωε,
153 3217 221 3294 sed
247 3211 901 3301 mortificationes,humiliationes,
935 3235 978 3283 o-

73 3315 272 3404 bedientiae,
299 3339 344 3393 ac
369 3315 434 3390 alii
465 3314 646 3391 virtutum
676 3313 779 3390 atius
799 3336 869 3389 nos
896 3309 980 3386 san·

73 3416 128 3502 boe
161 3421 324 3503 reddere
362 3417 556 3498 debeant:
584 3428 806 3521 quapropter
828 3412 866 3531 si·
890 3434 981 3492 eum
