2220 3870
142 106 242 295 aaz
348 160 417 264 a.
451 157 502 262 V.
529 161 632 295 op.
663 158 756 260 mr.
777 163 966 264 Aream

142 339 357 424 mesticum,
392 330 507 434 paliis
538 330 676 430 iniquis
713 332 916 415 invitatum
948 333 1069 444 suspe-

144 454 291 522 xerunt.
946 480 949 486 ·

38 637 44 644 ’
141 665 206 747 7⁰·
219 633 432 804 Praemilsa
448 635 646 724 brevihac,
666 630 728 712 sed
742 640 868 736 magni
882 644 1064 723 momenti

294 740 427 816 notitia
439 738 535 830 circa
543 735 784 836 poliessionem
796 742 1067 827 daemoniacam

143 846 257 933 dico,
296 842 396 938 quod
428 838 585 941 poliellro
615 841 697 916 haec
730 843 778 919 ad
805 847 1063 941 purgationem

142 944 284 1035 sensus,
312 944 359 1019 de
384 964 457 1038 qua
480 941 650 1019 Tradatu
676 941 749 1020 hoc
775 945 1061 1040 ratiocinamur,

89 1086 92 1093 ·
142 1047 360 1142 neutiquam
381 1043 530 1142 spetiem
557 1042 629 1118 srve
655 1047 753 1139 quod
781 1071 856 1121 non
879 1051 1064 1144 pertineat

142 1153 193 1227 ad
219 1171 283 1223 eas
307 1146 565 1244 purgationes,
590 1166 674 1239 quae
700 1147 749 1221 ad
765 1148 910 1224 animae
946 1152 1064 1249 perie-

143 1244 320 1335 iiionem,
351 1245 389 1322 dt
423 1246 531 1322 valde
568 1244 778 1340 frequenter
803 1248 920 1325 etiam
946 1253 997 1329 ad
1010 1254 1064 1329 di·

141 1354 242 1435 viuae
274 1346 596 1445 contemplationis
634 1345 850 1425 infusionem
888 1353 1063 1433 ordinan-

139 1465 213 1533 tur.
259 1445 449 1536 ,Affertum
475 1449 546 1524 hoc
570 1471 695 1524 meum
714 1450 867 1526 duabus
893 1454 1064 1533 veritati·

127 1546 445 1651 ¹busiuperstruo.
500 1549 622 1627 Prima
649 1547 717 1639 est,
738 1553 841 1647 ‘quod
868 1552 1063 1635 Deusdae·

44 1697 52 1709 ·
139 1654 312 1734 moniaca
333 1649 547 1749 ,polseffione
569 1649 729 1746 affligere
749 1678 824 1728 non
845 1651 961 1732 soleat
983 1654 1063 1735 alni⁴

119 1749 223 1835 'mas
252 1756 396 1841 bonae,
434 1773 527 1848 quas
559 1750 732 1849 perficere
761 1754 886 1852 cupit:
914 1757 1013 1836 bene
1022 1784 1061 1837 a·

140 1850 264 1940 nimas
283 1866 482 1942 nocentes,
508 1872 601 1948 quas
626 1853 754 1950 punire
779 1855 982 1943 desiderat„
995 1860 1060 1939 Al·

140 1969 223 2060 tera
246 1955 318 2045 est,
344 1955 442 2050 quod
467 1952 648 2053 ejusmodi
675 1953 829 2052 potieffio
854 1982 939 2036 non
958 1962 1059 2039 vide·

121 2062 227 2156 'atur
262 2055 466 2133 remedium
502 2068 748 2153 opportunum
785 2058 834 2136 ad
870 2061 1058 2158 perfectio«

139 2182 229 2262 pem
254 2159 390 2236 animae
408 2156 708 2254 impertiendam,
735 2157 775 2236 dt
799 2160 920 2237 multo
934 2165 1056 2253 minus

140 2262 191 2346 ad
216 2259 396 2337 caelestem
422 2257 769 2355 contemplationem
779 2261 1056 2344 infundendam.

140 2364 306 2461 Primam
330 2360 526 2438 veritatem
549 2362 741 2436 corroboro
768 2363 998 2442 authoritate
1019 2367 1055 2444 S.

139 2462 271 2553 Pauli,
295 2462 358 2560 qui
387 2460 563 2539 incestum
589 2461 694 2537 illum
720 2462 956 2541 Corinthium
983 2469 1055 2544 dae·

137 2562 243 2648 moni
267 2563 438 2641 tradidit:
465 2557 558 2663 Jem
577 2562 727 2659 judicavi
749 2576 786 2639 ar
803 2563 944 2661 presens
970 2609 989 2628 ·
1011 2603 1056 2626 ··

140 2666 271 2743 tradere
303 2663 487 2764 hujusmodi
524 2658 661 2740 Sorano
685 2666 721 2739 e'n
762 2666 929 2751 interitum
952 2668 1057 2745 carnit

135 2762 172 2866 ’(
183 2791 236 2850 x1.
266 2761 345 2841 Cor.
373 2768 408 2863 5'.
434 2789 467 2842 u.
495 2785 531 2862 5.
557 2768 585 2862 )
610 2765 745 2860 quique
774 2768 888 2842 etiam
915 2769 1056 2869 Hyme-

18 2948 20 2962 ,
139 2889 284 2962 naeum,
298 2865 340 2963 &
361 2865 617 2957 Alexandrum
643 2865 801 2966 perfidos
826 2867 1055 2967 blasphemos

135 2968 322 3065 daemonis
352 2960 527 3067 ‘potestati
551 2956 725 3063 reliquit:
774 2965 838 3050 Ex
873 2969 1057 3075 quibapess

132 3067 355 3167 Hymenaee,
380 3064 423 3144 id
447 3065 658 3156 Alexander,
683 3090 765 3164 quos
792 3070 925 3151 tradidi
957 3069 1058 3150 Sare-
1099 3122 1102 3195 1

131 3194 205 3279 pre,
232 3183 270 3247 ut
281 3166 422 3277 ‘discant
445 3193 511 3244 eoo
534 3156 752 3268 blasphemare
775 3169 805 3267 s
834 3197 867 3249 1.
897 3166 987 3252 tim.
1025 3199 1057 3254 1.

130 3294 171 3361 p.
198 3298 260 3375 po.
285 3271 314 3373 )
353 3270 443 3346 Nec
468 3272 705 3369 paenalhaec,
730 3286 871 3375 utnon
898 3275 1057 3353 nulliin·

126 3370 340 3531 tereretup
363 3371 707 3524 remittere
730 3373 928 3477 spumeus
946 3376 1057 3571 {⁴3¹5

1098 2580 1102 2591 e
