2220 3870
195 83 216 236 ·‘
245 157 422 300 predica
452 190 527 298 pro.
555 154 769 273 direllore.
916 191 1018 301 477
1060 311 1064 318 Ι

94 324 247 416 maulia
280 341 528 428 exequantur,
553 329 592 419 u
622 330 741 407 multo
767 331 923 429 mugisse
936 358 1021 435 pro·

91 439 165 541 prii
191 436 378 512 diresloris
403 431 695 509 ordinationibus
722 431 757 508 se
779 456 911 533 parurn
932 439 1021 521 obe·
1042 455 1074 533 g

89 541 243 618 dientes
269 535 470 612 exhibeant
499 532 570 609 &a
603 534 650 609 In
682 535 743 609 his
768 533 807 613 dt
841 534 1020 621 fimilibua

92 640 325 719 casibus-eas
350 634 547 713 efficaciter
564 635 764 731 equidem,
794 661 869 715 nou
894 644 1022 723 minus

91 757 224 822 samen
265 738 370 815 simul
411 737 526 814 etiam
569 735 728 835 suaviter
760 735 799 815 δι
831 742 1021 827 mansuete

93 843 315 945 'reprehendi
350 853 505 941 oportet
558 837 665 916 Sicut
690 837 729 914 dr
748 840 904 930 direttor'
914 869 1023 948 prop·

93 960 157 1039 ter
181 943 369 1042 eiusmodi.
394 941 556 1017 dafenus
581 961 701 1035 neque
727 939 854 1017 animo
876 949 1021 1047 cadere,
1080 992 1097 1018 .·

93 1069 219 1145 neque
246 1045 460 1140 inquietari,
493 1040 553 1116 sed
586 1042 710 1139 potius
723 1064 867 1119 sumre
889 1049 1020 1144 debetss

96 1162 143 1227 ut
173 1146 429 1247 paenitentiam
456 1153 570 1238 agant
578 1180 592 1231 ·‚
614 1142 741 1218 animo
767 1143 1013 1231 demittantur

93 1271 248 1330 omnem
272 1248 371 1323 suam
392 1243 566 1321 fiduciam
588 1244 628 1319 in
653 1244 734 1351 Deo
761 1261 960 1348 reponant,
981 1208 1025 1335 ἆ

88 1352 210 1430 eorde
247 1348 401 1449 sincero
417 1348 541 1421 eidem
577 1345 708 1423 servire
745 1365 911 1444 pergant.
975 1355 1039 1437 Εἰ

87 1492 96 1515 ι
125 1451 285 1528 oenitens
315 1456 443 1524 autern
467 1462 555 1523 cunr
593 1444 776 1522 soliditate
801 1450 951 1530 virtutis
965 1456 1023 1543 in

94 1475 165 1632 sua
189 1551 408 1652 purgatione
446 1548 727 1645 progrediatur,
770 1571 836 1647 pro
879 1553 1023 1635 viribus

93 1667 274 1741 sonetur,
311 1652 351 1726 in
384 1650 555 1726 omnibus
579 1648 877 1730 tribulationibus
899 1654 940 1734 dt
965 1657 1024 1737 iu·

95 1754 218 1836 ternis
253 1750 521 1829 tentationibus
561 1748 730 1830 solatium
760 1754 883 1832 eidem
920 1758 1025 1856 inge-

93 1878 182 1938 rere
208 1854 319 1951 idque
355 1853 475 1928 modis
506 1849 568 1928 vel
602 1852 1023 1955 maximelaffabilibus,

100 1958 142 2038 dr
183 1972 296 2054 quarn
336 1952 566 2043 suaviffimis,
600 1961 694 2057 quas
721 1954 786 2032 sua
811 1958 864 2034 illi
890 1963 1030 2041 caritas

92 2055 327 2158 suggesserit,
351 2056 566 2132 rationibus.
619 2055 679 2133 Ab
692 2056 768 2154 ipso
788 2073 934 2139 aeterno
954 2065 1028 2142 Pa·

93 2158 159 2240 ‘tre
181 2160 301 2235 sumat
333 2156 564 2255 exemplum3
599 2156 633 2231 is
663 2158 784 2246 enirn,
817 2185 903 2239 cnm
943 2166 1028 2243 uni·

91 2263 269 2363 genitum
303 2256 406 2335 suum
442 2259 480 2332 in
517 2257 624 2332 horto
650 2259 889 2338 Gethsemani
922 2267 1027 2350 omni

100 2363 231 2441 solatio
256 2358 469 2436 destitutum
500 2358 660 2446 videret,
697 2359 821 2434 eidem
850 2366 1027 2461 angelum

104 2463 370 2544 consolatorem
397 2458 542 2535 caelitus
568 2456 746 2534 submisit:
774 2458 811 2536 dr
840 2464 942 2562 prius
950 2465 1047 2567 jam·

46 2573 49 2582 '
102 2567 219 2647 talem
244 2561 341 2640 mifit
363 2585 437 2637 non
464 2558 654 2635 modoad
681 2559 859 2653 sobiam,
876 2579 918 2642 ut
927 2568 1030 2649 mter

103 2670 277 2769 ingentes
312 2663 393 2740 suas
419 2659 678 2738 tribulationes
709 2664 932 2760 erigeretur,
954 2668 1028 2749 sed

46 2807 50 2823 ·
104 2767 152 2849 dt.
179 2769 229 2847 ad
257 2767 399 2856 Elian,
425 2776 470 2840 ut
492 2776 621 2841 contra
639 2763 765 2860 impiae
782 2766 1031 2867 jezabelisin·

105 2869 323 2948 sedationes
348 2866 585 2945 animaretur.
637 2860 762 2960 Igitur·
782 2866 858 2967 ipse
872 2882 1032 2971 'quoque

103 2971 247 3051 afflillis
273 2968 333 3045 his
362 2968 558 3047 animabus
582 2965 758 3064 angelum
795 2969 832 3047 se
866 2973 1012 3065 consola

45 3090 49 3099 '
103 3085 228 3154 torem
252 3069 439 3150 exhibeat.

105 3296 195 3376 ιη.
208 3271 471 3445 Moturum
505 3257 715 3359 Quirinum,
741 3242 743 3246 Α
773 3269 890 3387 blotet
922 3275 1030 3379 Dire-
