<?xml version="1.0" encoding="UTF-8"?>
<!DOCTYPE html PUBLIC "-//W3C//DTD XHTML 1.0 Transitional//EN"
    "http://www.w3.org/TR/xhtml1/DTD/xhtml1-transitional.dtd">
<html xmlns="http://www.w3.org/1999/xhtml" xml:lang="en" lang="en">
 <head>
  <title>
</title>
<meta http-equiv="Content-Type" content="text/html;charset=utf-8" />
  <meta name='ocr-system' content='tesseract 3.04.00' />
  <meta name='ocr-capabilities' content='ocr_page ocr_carea ocr_par ocr_line ocrx_word'/>
</head>
<body>
  <div class='ocr_page' id='page_1' title='image "./directoriummyst00scargoog_0079.png"; bbox 0 0 2220 3870; ppageno 0'>
   <div class='ocr_carea' id='block_1_1' title="bbox 134 93 1042 315">
    <p class='ocr_par' dir='ltr' id='par_1_1' title="bbox 134 93 1042 315">
     <span class='ocr_line' id='line_1_1' title="bbox 134 93 1042 315; baseline -0.02 -40"><span class='ocrx_word' id='word_1_1' title='bbox 134 184 204 295; x_wconf 75' lang='lat'>64</span> <span class='ocrx_word' id='word_1_2' title='bbox 286 160 383 267; x_wconf 75' lang='lat' dir='ltr'>&#39;n</span> <span class='ocrx_word' id='word_1_3' title='bbox 397 160 505 315; x_wconf 59' lang='lat' dir='ltr'>aa</span> <span class='ocrx_word' id='word_1_4' title='bbox 525 93 625 302; x_wconf 61' lang='lat' dir='ltr'>capss</span> <span class='ocrx_word' id='word_1_5' title='bbox 664 109 741 267; x_wconf 77' lang='lat' dir='ltr'>vv.</span> <span class='ocrx_word' id='word_1_6' title='bbox 766 166 939 262; x_wconf 67' lang='lat' dir='ltr'>Mora</span> <span class='ocrx_word' id='word_1_7' title='bbox 1014 118 1042 224; x_wconf 79' lang='grc' dir='ltr'>Γ</span> 
     </span>
    </p>
   </div>
   <div class='ocr_carea' id='block_1_2' title="bbox 23 333 1100 3381">
    <p class='ocr_par' dir='ltr' id='par_1_2' title="bbox 23 333 1100 3381">
     <span class='ocr_line' id='line_1_2' title="bbox 129 333 1065 426; baseline -0.006 -5"><span class='ocrx_word' id='word_1_8' title='bbox 129 343 181 421; x_wconf 78' lang='lat' dir='ltr'>¹&#39;iu</span> <span class='ocrx_word' id='word_1_9' title='bbox 199 390 201 395; x_wconf 92' lang='lat'>·</span> <span class='ocrx_word' id='word_1_10' title='bbox 219 338 400 425; x_wconf 85' lang='lat' dir='ltr'>memoria</span> <span class='ocrx_word' id='word_1_11' title='bbox 448 333 688 426; x_wconf 86' lang='lat' dir='ltr'>conservant,</span> <span class='ocrx_word' id='word_1_12' title='bbox 722 356 768 411; x_wconf 88' lang='lat' dir='ltr'>ac</span> <span class='ocrx_word' id='word_1_13' title='bbox 811 335 981 413; x_wconf 85' lang='lat' dir='ltr'>velutin</span> <span class='ocrx_word' id='word_1_14' title='bbox 1006 348 1065 415; x_wconf 83' lang='lat' dir='ltr'>ta·</span> 
     </span>
     <span class='ocr_line' id='line_1_3' title="bbox 134 427 1062 539; baseline -0.008 -15"><span class='ocrx_word' id='word_1_15' title='bbox 134 440 298 530; x_wconf 72' lang='lat' dir='ltr'>helario,</span> <span class='ocrx_word' id='word_1_16' title='bbox 352 452 460 537; x_wconf 91' lang='lat' dir='ltr'>prout</span> <span class='ocrx_word' id='word_1_17' title='bbox 496 440 533 512; x_wconf 88' lang='lat' dir='ltr'>S.</span> <span class='ocrx_word' id='word_1_18' title='bbox 574 441 733 539; x_wconf 80' lang='lat' dir='ltr'>joannes</span> <span class='ocrx_word' id='word_1_19' title='bbox 758 436 793 513; x_wconf 73' lang='lat' dir='ltr'>a&#39;</span> <span class='ocrx_word' id='word_1_20' title='bbox 809 427 917 515; x_wconf 83' lang='lat' dir='ltr'>cruce</span> <span class='ocrx_word' id='word_1_21' title='bbox 941 438 1062 534; x_wconf 87' lang='lat' dir='ltr'>loqui·</span> 
     </span>
     <span class='ocr_line' id='line_1_4' title="bbox 131 538 1059 638; baseline -0.008 -15"><span class='ocrx_word' id='word_1_22' title='bbox 131 555 220 633; x_wconf 83' lang='lat' dir='ltr'>tur,</span> <span class='ocrx_word' id='word_1_23' title='bbox 235 543 443 638; x_wconf 68' lang='lat' dir='ltr'>‚diligenter</span> <span class='ocrx_word' id='word_1_24' title='bbox 467 538 693 627; x_wconf 84' lang='lat' dir='ltr'>custodiunt,</span> <span class='ocrx_word' id='word_1_25' title='bbox 737 540 789 614; x_wconf 85' lang='lat' dir='ltr'>in·</span> <span class='ocrx_word' id='word_1_26' title='bbox 802 540 877 616; x_wconf 89' lang='lat' dir='ltr'>illis</span> <span class='ocrx_word' id='word_1_27' title='bbox 904 538 939 614; x_wconf 87' lang='lat' dir='ltr'>le</span> <span class='ocrx_word' id='word_1_28' title='bbox 973 541 1059 624; x_wconf 86' lang='lat' dir='ltr'>fun-</span> 
     </span>
     <span class='ocr_line' id='line_1_5' title="bbox 138 639 1062 745; baseline -0.001 -23"><span class='ocrx_word' id='word_1_29' title='bbox 138 646 248 735; x_wconf 88' lang='lat' dir='ltr'>dant,</span> <span class='ocrx_word' id='word_1_30' title='bbox 285 644 431 738; x_wconf 90' lang='lat' dir='ltr'>illisque</span> <span class='ocrx_word' id='word_1_31' title='bbox 462 642 671 716; x_wconf 86' lang='lat' dir='ltr'>innituntur</span> <span class='ocrx_word' id='word_1_32' title='bbox 714 665 801 716; x_wconf 92' lang='lat' dir='ltr'>cum</span> <span class='ocrx_word' id='word_1_33' title='bbox 839 639 1062 745; x_wconf 76' lang='lat' dir='ltr'>detrimento</span> 
     </span>
     <span class='ocr_line' id='line_1_6' title="bbox 117 736 1061 839; baseline -0.004 -16"><span class='ocrx_word' id='word_1_34' title='bbox 117 745 247 836; x_wconf 53' lang='lat' dir='ltr'>fidei:</span> <span class='ocrx_word' id='word_1_35' title='bbox 273 746 356 820; x_wconf 88' lang='lat' dir='ltr'>haec</span> <span class='ocrx_word' id='word_1_36' title='bbox 381 743 722 837; x_wconf 87' lang='lat' dir='ltr'>enim-neutiquam</span> <span class='ocrx_word' id='word_1_37' title='bbox 747 764 812 839; x_wconf 89' lang='lat' dir='ltr'>per</span> <span class='ocrx_word' id='word_1_38' title='bbox 844 736 945 818; x_wconf 75' lang='lat' dir='ltr'>viarii</span> <span class='ocrx_word' id='word_1_39' title='bbox 979 744 1061 819; x_wconf 86' lang='lat' dir='ltr'>visr-</span> 
     </span>
     <span class='ocr_line' id='line_1_7' title="bbox 136 842 1060 945; baseline -0.002 -20"><span class='ocrx_word' id='word_1_40' title='bbox 136 872 254 926; x_wconf 90' lang='lat' dir='ltr'>onum</span> <span class='ocrx_word' id='word_1_41' title='bbox 285 845 515 941; x_wconf 83' lang='lat' dir='ltr'>ingreditur,&#39;</span> <span class='ocrx_word' id='word_1_42' title='bbox 536 842 598 918; x_wconf 90' lang='lat' dir='ltr'>sed</span> <span class='ocrx_word' id='word_1_43' title='bbox 623 842 816 945; x_wconf 81' lang='lat' dir='ltr'>supernas,</span> <span class='ocrx_word' id='word_1_44' title='bbox 842 868 887 921; x_wconf 90' lang='lat' dir='ltr'>ac</span> <span class='ocrx_word' id='word_1_45' title='bbox 913 845 1060 945; x_wconf 79' lang='lat' dir='ltr'>divinas</span> 
     </span>
     <span class='ocr_line' id='line_1_8' title="bbox 137 944 1091 1042; baseline 0.001 -17"><span class='ocrx_word' id='word_1_46' title='bbox 137 951 317 1027; x_wconf 89' lang='lat' dir='ltr'>veritates</span> <span class='ocrx_word' id='word_1_47' title='bbox 333 947 372 1020; x_wconf 92' lang='lat' dir='ltr'>in</span> <span class='ocrx_word' id='word_1_48' title='bbox 397 944 549 1021; x_wconf 72' lang='lat' dir='ltr'>obscuro·</span> <span class='ocrx_word' id='word_1_49' title='bbox 573 945 854 1042; x_wconf 84' lang='lat' dir='ltr'><strong>contemplatur.</strong></span> <span class='ocrx_word' id='word_1_50' title='bbox 895 945 982 1020; x_wconf 91' lang='lat' dir='ltr'>lllas</span> <span class='ocrx_word' id='word_1_51' title='bbox 1003 948 1057 1023; x_wconf 90' lang='lat' dir='ltr'>in·</span> <span class='ocrx_word' id='word_1_52' title='bbox 1090 1023 1091 1026; x_wconf 10' lang='lat' dir='ltr'>a</span> 
     </span>
     <span class='ocr_line' id='line_1_9' title="bbox 133 1038 1080 1148; baseline -0.001 -22"><span class='ocrx_word' id='word_1_53' title='bbox 133 1038 243 1148; x_wconf 73' lang='lat' dir='ltr'>&#39;super</span> <span class='ocrx_word' id='word_1_54' title='bbox 268 1044 383 1124; x_wconf 86' lang='lat' dir='ltr'>etia&#39;m</span> <span class='ocrx_word' id='word_1_55' title='bbox 406 1046 672 1144; x_wconf 76' lang='lat' dir='ltr'>reprehendere</span> <span class='ocrx_word' id='word_1_56' title='bbox 698 1048 867 1143; x_wconf 85' lang='lat' dir='ltr'>cupimus</span> <span class='ocrx_word' id='word_1_57' title='bbox 894 1048 1080 1148; x_wconf 48' lang='lat' dir='ltr'>anilitas-s</span> 
     </span>
     <span class='ocr_line' id='line_1_10' title="bbox 136 1147 1061 1250; baseline -0.002 -22"><span class='ocrx_word' id='word_1_58' title='bbox 136 1160 224 1250; x_wconf 69' lang='lat' dir='ltr'>qu&#39;ae</span> <span class='ocrx_word' id='word_1_59' title='bbox 256 1149 386 1226; x_wconf 84' lang='lat' dir='ltr'>suaves</span> <span class='ocrx_word' id='word_1_60' title='bbox 424 1147 608 1246; x_wconf 82' lang='lat' dir='ltr'>ejusmodi</span> <span class='ocrx_word' id='word_1_61' title='bbox 640 1147 891 1244; x_wconf 81' lang='lat' dir='ltr'>apparitiones</span> <span class='ocrx_word' id='word_1_62' title='bbox 919 1149 965 1225; x_wconf 90' lang='lat' dir='ltr'>ob</span> <span class='ocrx_word' id='word_1_63' title='bbox 991 1174 1061 1250; x_wconf 88' lang='lat' dir='ltr'>gu·</span> 
     </span>
     <span class='ocr_line' id='line_1_11' title="bbox 135 1247 1060 1348; baseline -0.003 -18"><span class='ocrx_word' id='word_1_64' title='bbox 135 1253 254 1342; x_wconf 83' lang='lat' dir='ltr'>stum,</span> <span class='ocrx_word' id='word_1_65' title='bbox 275 1250 328 1326; x_wconf 74' lang='lat'>,&amp;</span> <span class='ocrx_word' id='word_1_66' title='bbox 362 1247 605 1348; x_wconf 83' lang='lat' dir='ltr'>spiritualem,</span> <span class='ocrx_word' id='word_1_67' title='bbox 638 1249 823 1345; x_wconf 79' lang='lat' dir='ltr'>¹quamin</span> <span class='ocrx_word' id='word_1_68' title='bbox 849 1262 981 1325; x_wconf 84' lang='lat' dir='ltr'>earum</span> <span class='ocrx_word' id='word_1_69' title='bbox 1003 1275 1060 1331; x_wconf 90' lang='lat' dir='ltr'>re-</span> 
     </span>
     <span class='ocr_line' id='line_1_12' title="bbox 103 1349 1100 1445; baseline 0.007 -18"><span class='ocrx_word' id='word_1_70' title='bbox 103 1420 105 1427; x_wconf 28' lang='lat' dir='ltr'><strong><em>s</em></strong></span> <span class='ocrx_word' id='word_1_71' title='bbox 137 1351 368 1432; x_wconf 88' lang='lat' dir='ltr'>miniscentia</span> <span class='ocrx_word' id='word_1_72' title='bbox 408 1350 588 1445; x_wconf 88' lang='lat' dir='ltr'>sentiunt,</span> <span class='ocrx_word' id='word_1_73' title='bbox 617 1349 898 1426; x_wconf 74' lang='lat' dir='ltr'>deleilationern</span> <span class='ocrx_word' id='word_1_74' title='bbox 925 1349 1062 1429; x_wconf 87' lang='lat' dir='ltr'>identi·</span> <span class='ocrx_word' id='word_1_75' title='bbox 1089 1398 1100 1434; x_wconf 51' lang='grc' dir='ltr'>κ</span> 
     </span>
     <span class='ocr_line' id='line_1_13' title="bbox 138 1450 1062 1550; baseline -0.004 -15"><span class='ocrx_word' id='word_1_76' title='bbox 138 1468 216 1535; x_wconf 80' lang='lat' dir='ltr'>tem</span> <span class='ocrx_word' id='word_1_77' title='bbox 243 1453 466 1550; x_wconf 86' lang='lat' dir='ltr'>recogitant:</span> <span class='ocrx_word' id='word_1_78' title='bbox 487 1452 526 1528; x_wconf 75' lang='grc' dir='ltr'>δι</span> <span class='ocrx_word' id='word_1_79' title='bbox 550 1450 712 1527; x_wconf 83' lang='lat' dir='ltr'>licetsrbi</span> <span class='ocrx_word' id='word_1_80' title='bbox 738 1477 785 1526; x_wconf 87' lang='lat' dir='ltr'>ex</span> <span class='ocrx_word' id='word_1_81' title='bbox 811 1452 884 1543; x_wconf 87' lang='lat' dir='ltr'>hoc</span> <span class='ocrx_word' id='word_1_82' title='bbox 908 1451 982 1528; x_wconf 87' lang='lat' dir='ltr'>fine</span> <span class='ocrx_word' id='word_1_83' title='bbox 1021 1452 1062 1532; x_wconf 87' lang='lat' dir='ltr'>id</span> 
     </span>
     <span class='ocr_line' id='line_1_14' title="bbox 23 1552 1061 1655; baseline -0.005 -20"><span class='ocrx_word' id='word_1_84' title='bbox 23 1594 26 1599; x_wconf 90' lang='lat'><em>·</em></span> <span class='ocrx_word' id='word_1_85' title='bbox 137 1582 213 1635; x_wconf 92' lang='lat' dir='ltr'>non</span> <span class='ocrx_word' id='word_1_86' title='bbox 250 1577 360 1652; x_wconf 89' lang='lat' dir='ltr'>agere</span> <span class='ocrx_word' id='word_1_87' title='bbox 398 1553 611 1646; x_wconf 86' lang='lat' dir='ltr'>videantur;</span> <span class='ocrx_word' id='word_1_88' title='bbox 640 1577 687 1628; x_wconf 88' lang='lat' dir='ltr'>ex</span> <span class='ocrx_word' id='word_1_89' title='bbox 719 1552 801 1652; x_wconf 77' lang='lat' dir='ltr'>ipso&#39;</span> <span class='ocrx_word' id='word_1_90' title='bbox 819 1559 946 1630; x_wconf 88' lang='lat' dir='ltr'>tamen</span> <span class='ocrx_word' id='word_1_91' title='bbox 972 1579 1061 1655; x_wconf 85' lang='lat' dir='ltr'>ope·</span> 
     </span>
     <span class='ocr_line' id='line_1_15' title="bbox 136 1653 1060 1753; baseline 0.001 -17"><span class='ocrx_word' id='word_1_92' title='bbox 136 1657 246 1736; x_wconf 88' lang='lat' dir='ltr'>randi</span> <span class='ocrx_word' id='word_1_93' title='bbox 271 1657 382 1730; x_wconf 90' lang='lat' dir='ltr'>modo</span> <span class='ocrx_word' id='word_1_94' title='bbox 417 1669 594 1751; x_wconf 79' lang='lat' dir='ltr'>apparet,</span> <span class='ocrx_word' id='word_1_95' title='bbox 628 1656 727 1748; x_wconf 91' lang='lat' dir='ltr'>quod</span> <span class='ocrx_word' id='word_1_96' title='bbox 751 1653 947 1753; x_wconf 81' lang='lat' dir='ltr'>spiritualis</span> <span class='ocrx_word' id='word_1_97' title='bbox 975 1656 1060 1737; x_wconf 79' lang='lat' dir='ltr'>haec</span> 
     </span>
     <span class='ocr_line' id='line_1_16' title="bbox 136 1753 1060 1857; baseline 0.003 -25"><span class='ocrx_word' id='word_1_98' title='bbox 136 1758 245 1857; x_wconf 87' lang='lat' dir='ltr'>gula,</span> <span class='ocrx_word' id='word_1_99' title='bbox 271 1755 310 1835; x_wconf 73' lang='grc' dir='ltr'>ὅ(</span> <span class='ocrx_word' id='word_1_100' title='bbox 335 1755 407 1830; x_wconf 92' lang='lat' dir='ltr'>hoc</span> <span class='ocrx_word' id='word_1_101' title='bbox 429 1753 604 1852; x_wconf 87' lang='lat' dir='ltr'>spirituali</span> <span class='ocrx_word' id='word_1_102' title='bbox 628 1755 801 1852; x_wconf 71' lang='lat' dir='ltr'>profestui</span> <span class='ocrx_word' id='word_1_103' title='bbox 827 1756 968 1833; x_wconf 88' lang='lat' dir='ltr'>summe</span> <span class='ocrx_word' id='word_1_104' title='bbox 993 1767 1060 1844; x_wconf 75' lang='lat' dir='ltr'>no‘·</span> 
     </span>
     <span class='ocr_line' id='line_1_17' title="bbox 133 1855 1058 1961; baseline 0.003 -25"><span class='ocrx_word' id='word_1_105' title='bbox 133 1861 242 1938; x_wconf 78' lang='lat' dir='ltr'>arium</span> <span class='ocrx_word' id='word_1_106' title='bbox 266 1856 406 1934; x_wconf 86' lang='lat' dir='ltr'>amoris</span> <span class='ocrx_word' id='word_1_107' title='bbox 429 1856 563 1954; x_wconf 89' lang='lat' dir='ltr'>proprii</span> <span class='ocrx_word' id='word_1_108' title='bbox 587 1855 762 1953; x_wconf 89' lang='lat' dir='ltr'>pabulum</span> <span class='ocrx_word' id='word_1_109' title='bbox 787 1881 827 1933; x_wconf 90' lang='lat' dir='ltr'>re</span> <span class='ocrx_word' id='word_1_110' title='bbox 843 1858 918 1961; x_wconf 89' lang='lat' dir='ltr'>ipsa</span> <span class='ocrx_word' id='word_1_111' title='bbox 929 1859 1058 1961; x_wconf 79' lang='lat' dir='ltr'>lateat:</span> 
     </span>
     <span class='ocr_line' id='line_1_18' title="bbox 133 1957 1058 2060; baseline 0.006 -25"><span class='ocrx_word' id='word_1_112' title='bbox 133 1961 229 2059; x_wconf 86' lang='lat' dir='ltr'>quia</span> <span class='ocrx_word' id='word_1_113' title='bbox 258 1983 282 2035; x_wconf 88' lang='lat' dir='ltr'>a</span> <span class='ocrx_word' id='word_1_114' title='bbox 308 1957 472 2058; x_wconf 75' lang='lat' dir='ltr'>visibili,</span> <span class='ocrx_word' id='word_1_115' title='bbox 508 1980 582 2051; x_wconf 91' lang='lat' dir='ltr'>quo</span> <span class='ocrx_word' id='word_1_116' title='bbox 619 1957 876 2048; x_wconf 62' lang='lat' dir='ltr'>delebantur,</span> <span class='ocrx_word' id='word_1_117' title='bbox 918 1962 1058 2060; x_wconf 77' lang='lat' dir='ltr'>objeslo</span> 
     </span>
     <span class='ocr_line' id='line_1_19' title="bbox 130 2057 1059 2165; baseline 0.003 -26"><span class='ocrx_word' id='word_1_118' title='bbox 130 2062 357 2156; x_wconf 82' lang='lat' dir='ltr'>neutiquam</span> <span class='ocrx_word' id='word_1_119' title='bbox 380 2074 512 2134; x_wconf 89' lang='lat' dir='ltr'>curant</span> <span class='ocrx_word' id='word_1_120' title='bbox 524 2057 673 2133; x_wconf 89' lang='lat' dir='ltr'>transrre</span> <span class='ocrx_word' id='word_1_121' title='bbox 685 2062 734 2135; x_wconf 92' lang='lat' dir='ltr'>ad</span> <span class='ocrx_word' id='word_1_122' title='bbox 752 2061 943 2165; x_wconf 47' lang='lat' dir='ltr'>invisrbilea</span> <span class='ocrx_word' id='word_1_123' title='bbox 959 2065 1059 2160; x_wconf 83' lang='lat' dir='ltr'>quod</span> 
     </span>
     <span class='ocr_line' id='line_1_20' title="bbox 130 2159 1096 2261; baseline 0.005 -23"><span class='ocrx_word' id='word_1_124' title='bbox 130 2163 232 2239; x_wconf 85' lang='lat' dir='ltr'>fides</span> <span class='ocrx_word' id='word_1_125' title='bbox 256 2180 322 2238; x_wconf 89' lang='lat' dir='ltr'>eas</span> <span class='ocrx_word' id='word_1_126' title='bbox 348 2161 476 2252; x_wconf 80' lang='lat' dir='ltr'>docet3</span> <span class='ocrx_word' id='word_1_127' title='bbox 502 2159 591 2236; x_wconf 89' lang='lat' dir='ltr'>licet</span> <span class='ocrx_word' id='word_1_128' title='bbox 615 2159 688 2236; x_wconf 91' lang='lat' dir='ltr'>sola</span> <span class='ocrx_word' id='word_1_129' title='bbox 713 2161 785 2237; x_wconf 84' lang='lat' dir='ltr'>lrac</span> <span class='ocrx_word' id='word_1_130' title='bbox 806 2162 878 2248; x_wconf 85' lang='lat' dir='ltr'>fide</span> <span class='ocrx_word' id='word_1_131' title='bbox 893 2162 1059 2261; x_wconf 77' lang='lat' dir='ltr'>spiritum</span> <span class='ocrx_word' id='word_1_132' title='bbox 1091 2220 1096 2229; x_wconf 81' lang='lat'><em>‚</em></span> 
     </span>
     <span class='ocr_line' id='line_1_21' title="bbox 130 2259 1061 2362; baseline 0.003 -21"><span class='ocrx_word' id='word_1_133' title='bbox 130 2264 320 2350; x_wconf 80' lang='lat' dir='ltr'>solidum,</span> <span class='ocrx_word' id='word_1_134' title='bbox 360 2259 401 2339; x_wconf 73' lang='grc' dir='ltr'>δι</span> <span class='ocrx_word' id='word_1_135' title='bbox 436 2284 569 2362; x_wconf 91' lang='lat' dir='ltr'>purum</span> <span class='ocrx_word' id='word_1_136' title='bbox 594 2285 780 2339; x_wconf 86' lang='lat' dir='ltr'>amorem</span> <span class='ocrx_word' id='word_1_137' title='bbox 818 2265 961 2341; x_wconf 89' lang='lat' dir='ltr'>infundi</span> <span class='ocrx_word' id='word_1_138' title='bbox 995 2292 1061 2345; x_wconf 87' lang='lat' dir='ltr'>ex-</span> 
     </span>
     <span class='ocr_line' id='line_1_22' title="bbox 135 2361 1059 2466; baseline 0.004 -23"><span class='ocrx_word' id='word_1_139' title='bbox 135 2368 322 2466; x_wconf 87' lang='lat' dir='ltr'>ploratum</span> <span class='ocrx_word' id='word_1_140' title='bbox 347 2361 416 2450; x_wconf 66' lang='lat' dir='ltr'>sit.=</span> <span class='ocrx_word' id='word_1_141' title='bbox 464 2363 537 2454; x_wconf 89' lang='lat' dir='ltr'>His</span> <span class='ocrx_word' id='word_1_142' title='bbox 564 2363 609 2438; x_wconf 90' lang='lat' dir='ltr'>de</span> <span class='ocrx_word' id='word_1_143' title='bbox 636 2364 751 2440; x_wconf 76' lang='lat' dir='ltr'>causis</span> <span class='ocrx_word' id='word_1_144' title='bbox 777 2366 971 2444; x_wconf 83' lang='lat' dir='ltr'>animabus</span> <span class='ocrx_word' id='word_1_145' title='bbox 1003 2371 1059 2447; x_wconf 90' lang='lat' dir='ltr'>vi·</span> 
     </span>
     <span class='ocr_line' id='line_1_23' title="bbox 130 2466 1057 2566; baseline 0 -20"><span class='ocrx_word' id='word_1_146' title='bbox 130 2467 256 2546; x_wconf 79' lang='lat' dir='ltr'>siones</span> <span class='ocrx_word' id='word_1_147' title='bbox 282 2466 548 2563; x_wconf 83' lang='lat' dir='ltr'>accipientibus</span> <span class='ocrx_word' id='word_1_148' title='bbox 581 2478 773 2564; x_wconf 85' lang='lat' dir='ltr'>tantopere</span> <span class='ocrx_word' id='word_1_149' title='bbox 808 2469 1057 2566; x_wconf 59' lang='lat' dir='ltr'>inculpamurn</span> 
     </span>
     <span class='ocr_line' id='line_1_24' title="bbox 128 2566 1057 2663; baseline 0 -17"><span class='ocrx_word' id='word_1_150' title='bbox 128 2584 181 2646; x_wconf 91' lang='lat' dir='ltr'>·ut</span> <span class='ocrx_word' id='word_1_151' title='bbox 210 2568 370 2654; x_wconf 75' lang='lat' dir='ltr'>sanlius,</span> <span class='ocrx_word' id='word_1_152' title='bbox 407 2589 500 2662; x_wconf 91' lang='lat' dir='ltr'>quos</span> <span class='ocrx_word' id='word_1_153' title='bbox 532 2566 766 2663; x_wconf 90' lang='lat' dir='ltr'>relinquunt,</span> <span class='ocrx_word' id='word_1_154' title='bbox 802 2567 951 2646; x_wconf 78' lang='lat' dir='ltr'>effetlus</span> <span class='ocrx_word' id='word_1_155' title='bbox 977 2572 1057 2659; x_wconf 84' lang='lat' dir='ltr'>am-</span> 
     </span>
     <span class='ocr_line' id='line_1_25' title="bbox 134 2666 1059 2769; baseline 0.004 -24"><span class='ocrx_word' id='word_1_156' title='bbox 134 2666 360 2768; x_wconf 58' lang='lat' dir='ltr'>pleisantun</span> <span class='ocrx_word' id='word_1_157' title='bbox 384 2669 610 2764; x_wconf 73' lang='lat' dir='ltr'>caeteroquin</span> <span class='ocrx_word' id='word_1_158' title='bbox 635 2681 763 2753; x_wconf 82' lang='lat' dir='ltr'>autem</span> <span class='ocrx_word' id='word_1_159' title='bbox 787 2680 905 2769; x_wconf 83' lang='lat' dir='ltr'>ocyus</span> <span class='ocrx_word' id='word_1_160' title='bbox 931 2672 966 2749; x_wconf 94' lang='lat' dir='ltr'>se</span> <span class='ocrx_word' id='word_1_161' title='bbox 992 2698 1059 2761; x_wconf 75' lang='lat' dir='ltr'>err·</span> 
     </span>
     <span class='ocr_line' id='line_1_26' title="bbox 107 2764 1058 2871; baseline 0.003 -22"><span class='ocrx_word' id='word_1_162' title='bbox 107 2770 319 2871; x_wconf 84' lang='lat' dir='ltr'>··spolient‚</span> <span class='ocrx_word' id='word_1_163' title='bbox 360 2792 406 2847; x_wconf 85' lang='lat' dir='ltr'>ac</span> <span class='ocrx_word' id='word_1_164' title='bbox 444 2783 623 2844; x_wconf 85' lang='lat' dir='ltr'>mentem</span> <span class='ocrx_word' id='word_1_165' title='bbox 648 2764 688 2843; x_wconf 88' lang='lat' dir='ltr'>in</span> <span class='ocrx_word' id='word_1_166' title='bbox 727 2773 847 2849; x_wconf 88' lang='lat' dir='ltr'>Deum</span> <span class='ocrx_word' id='word_1_167' title='bbox 871 2775 1058 2864; x_wconf 81' lang='lat' dir='ltr'>elevatam</span> 
     </span>
     <span class='ocr_line' id='line_1_27' title="bbox 24 2869 1061 2965; baseline 0.003 -15"><span class='ocrx_word' id='word_1_168' title='bbox 24 2880 27 2888; x_wconf 91' lang='grc'><strong>’</strong></span> <span class='ocrx_word' id='word_1_169' title='bbox 127 2870 363 2950; x_wconf 84' lang='lat' dir='ltr'>¹conservent.</span> <span class='ocrx_word' id='word_1_170' title='bbox 415 2871 473 2947; x_wconf 89' lang='lat' dir='ltr'>De</span> <span class='ocrx_word' id='word_1_171' title='bbox 495 2869 639 2964; x_wconf 87' lang='lat' dir='ltr'>reliquo</span> <span class='ocrx_word' id='word_1_172' title='bbox 664 2886 818 2965; x_wconf 86' lang='lat' dir='ltr'>autem,</span> <span class='ocrx_word' id='word_1_173' title='bbox 855 2877 1061 2963; x_wconf 79' lang='lat' dir='ltr'>dummodo</span> 
     </span>
     <span class='ocr_line' id='line_1_28' title="bbox 126 2970 1059 3075; baseline 0.004 -23"><span class='ocrx_word' id='word_1_174' title='bbox 126 2975 275 3052; x_wconf 35' lang='lat' dir='ltr'>&#39;debitae</span> <span class='ocrx_word' id='word_1_175' title='bbox 317 2973 475 3072; x_wconf 85' lang='lat' dir='ltr'>cautelae</span> <span class='ocrx_word' id='word_1_176' title='bbox 517 2970 787 3065; x_wconf 87' lang='lat' dir='ltr'>adhibeantur,</span> <span class='ocrx_word' id='word_1_177' title='bbox 840 2979 1059 3075; x_wconf 86' lang='lat' dir='ltr'>neutiquam</span> 
     </span>
     <span class='ocr_line' id='line_1_29' title="bbox 136 3072 1059 3179; baseline 0.003 -27"><span class='ocrx_word' id='word_1_178' title='bbox 136 3075 375 3179; x_wconf 84' lang='lat' dir='ltr'>prohibemus</span> <span class='ocrx_word' id='word_1_179' title='bbox 398 3096 464 3149; x_wconf 87' lang='lat' dir='ltr'>eas</span> <span class='ocrx_word' id='word_1_180' title='bbox 490 3072 530 3147; x_wconf 92' lang='lat' dir='ltr'>in</span> <span class='ocrx_word' id='word_1_181' title='bbox 555 3077 772 3152; x_wconf 83' lang='lat' dir='ltr'>memoriam</span> <span class='ocrx_word' id='word_1_182' title='bbox 795 3102 968 3156; x_wconf 88' lang='lat' dir='ltr'>revocare</span> <span class='ocrx_word' id='word_1_183' title='bbox 994 3107 1059 3165; x_wconf 86' lang='lat' dir='ltr'>oo-</span> 
     </span>
     <span class='ocr_line' id='line_1_30' title="bbox 125 3171 1059 3267; baseline 0.004 -11"><span class='ocrx_word' id='word_1_184' title='bbox 125 3177 283 3256; x_wconf 84' lang='lat' dir='ltr'>·cafione</span> <span class='ocrx_word' id='word_1_185' title='bbox 309 3176 535 3263; x_wconf 88' lang='lat' dir='ltr'>ariditatum‚</span> <span class='ocrx_word' id='word_1_186' title='bbox 560 3171 599 3250; x_wconf 63' lang='grc' dir='ltr'>ὅ(</span> <span class='ocrx_word' id='word_1_187' title='bbox 632 3177 749 3253; x_wconf 87' lang='lat' dir='ltr'>multo</span> <span class='ocrx_word' id='word_1_188' title='bbox 772 3180 896 3257; x_wconf 84' lang='lat' dir='ltr'>nrinus</span> <span class='ocrx_word' id='word_1_189' title='bbox 922 3181 1059 3267; x_wconf 63' lang='lat' dir='ltr'>occasi*</span> 
     </span>
     <span class='ocr_line' id='line_1_31' title="bbox 137 3276 1058 3381; baseline 0.008 -23"><span class='ocrx_word' id='word_1_190' title='bbox 137 3305 209 3358; x_wconf 88' lang='lat' dir='ltr'>one</span> <span class='ocrx_word' id='word_1_191' title='bbox 236 3277 528 3359; x_wconf 73' lang='lat' dir='ltr'>exercendarum.</span> <span class='ocrx_word' id='word_1_192' title='bbox 548 3276 751 3369; x_wconf 84' lang='lat' dir='ltr'>virtutum,</span> <span class='ocrx_word' id='word_1_193' title='bbox 776 3281 803 3358; x_wconf 87' lang='lat' dir='ltr'>sr</span> <span class='ocrx_word' id='word_1_194' title='bbox 829 3285 1058 3381; x_wconf 70' lang='lat' dir='ltr'>experientis</span> 
     </span>
    </p>
   </div>
   <div class='ocr_carea' id='block_1_3' title="bbox 126 3378 1063 3589">
    <p class='ocr_par' dir='ltr' id='par_1_3' title="bbox 126 3378 1063 3589">
     <span class='ocr_line' id='line_1_32' title="bbox 126 3378 1063 3485; baseline 0.047 -54"><span class='ocrx_word' id='word_1_195' title='bbox 126 3384 299 3485; x_wconf 52' lang='lat' dir='ltr'>mat,</span> <span class='ocrx_word' id='word_1_196' title='bbox 322 3401 503 3478; x_wconf 69' lang='lat' dir='ltr'>magnum</span> <span class='ocrx_word' id='word_1_197' title='bbox 527 3378 696 3478; x_wconf 82' lang='lat' dir='ltr'>vigorem</span> <span class='ocrx_word' id='word_1_198' title='bbox 717 3381 758 3463; x_wconf 73' lang='grc' dir='ltr'>δι</span> <span class='ocrx_word' id='word_1_199' title='bbox 776 3383 982 3470; x_wconf 77' lang='lat' dir='ltr'>mutasad</span> <span class='ocrx_word' id='word_1_200' title='bbox 995 3411 1063 3475; x_wconf 42' lang='lat' dir='ltr'>..e-x</span> 
     </span>
     <span class='ocr_line' id='line_1_33' title="bbox 301 3511 1014 3589; baseline 0.054 -36.723"><span class='ocrx_word' id='word_1_201' title='bbox 301 3530 305 3541; x_wconf 82' lang='grc'><em>.</em></span> <span class='ocrx_word' id='word_1_202' title='bbox 735 3566 738 3571; x_wconf 75' lang='grc'><strong><em>,</em></strong></span> <span class='ocrx_word' id='word_1_203' title='bbox 945 3511 1014 3589; x_wconf 62' lang='grc' dir='ltr'>ΡΘ·</span> 
     </span>
    </p>
   </div>
   <div class='ocr_carea' id='block_1_4' title="bbox 0 0 1114 3870">
    <p class='ocr_par' dir='ltr' id='par_1_4' title="bbox 0 0 1114 3870">
     <span class='ocr_line' id='line_1_34' title="bbox 0 0 1114 3870; baseline 0 1"><span class='ocrx_word' id='word_1_204' title='bbox 0 0 1114 3870; x_wconf 95' lang='lat' dir='ltr'> </span> 
     </span>
    </p>
   </div>
  </div>
 </body>
</html>
