2220 3870
193 154 437 292 imagineriae
460 147 773 288 pertrad'santur.
875 186 969 283 s93
1037 228 1048 269 2

44 323 152 421 sunu,
177 323 266 422 quia
282 318 285 327 ’
302 323 344 398 in
374 320 505 398 nostris
531 321 696 422 pupillis,
725 345 810 422 qnae
837 328 887 406 ad
903 354 995 411 ex·.
1050 351 1052 355 ’

42 426 208 508 ternum·
232 422 373 502 sensum
401 425 605 524 pertinent,
635 424 870 525 effinguntur.
904 434 974 511 Di·-

43 533 83 608 xi
105 529 228 617 ditias
261 524 422 605 visiones
460 549 528 626 per
549 526 687 625 species
728 530 808 607 sive
832 535 999 627 comni„

43 645 155 710 natas
180 629 255 708 five
280 628 437 718 infusas,
462 628 503 706 dc
518 629 650 728 ⁸postea
674 630 871 711 illustratas
917 637 974 715 es·

49 733 224 812 formari:
249 731 337 829 quia
356 730 575 831 huiusmodi
599 732 756 816 visiones
786 735 893 835 juxta
931 740 973 819 S.

44 837 232 916 Thomam
271 846 429 931 utroque
472 836 586 910 modo
628 835 780 933 produci
814 837 971 938 poliunt.
1019 900 1021 905 .

43 939 281 1031 Quandoque
307 935 411 1012 Deus
433 935 494 1011 vel
520 957 584 1034 per
609 933 645 1011 se
669 935 809 1035 ipsum,
834 943 894 1017 vel
905 965 973 1042 pet

42 1041 222 1142 angelum
246 1035 266 1138 (
292 1050 335 1113 ut
357 1035 502 1113 santius
528 1037 653 1114 doslor
676 1035 773 1139 ait)
799 1038 974 1139 speciosa

39 1143 203 1222 senfibus
230 1139 396 1217 externis
418 1137 496 1237 jam
537 1151 625 1217 ante
659 1139 708 1214 ad
738 1141 970 1239 phantasram
1077 1154 1080 1158 ‘

40 1239 302 1331 transmissae,
337 1241 462 1337 ibique
503 1238 681 1340 repositas
707 1241 874 1336 ordinat,
912 1249 974 1323 di.

39 1348 173 1450 sponit,
192 1368 238 1422 nc
263 1345 319 1420 ita
333 1342 522 1420 combinat
535 1397 558 1458 ,·
571 1355 615 1419 ut
639 1340 845 1443 objettum,
870 1349 971 1444 quod

37 1443 863 1645 lbffdlublllntlrtltlaplbt
892 1472 972 1649 ssi

39 1657 117 1733 cies
128 1653 188 1728 ita
201 1650 470 1738 illuminantur,
495 1660 538 1724 ut
562 1648 743 1747 objetium
768 1650 972 1749 phantasiae

42 1757 256 1859 applicent,
289 1775 333 1827 ac
369 1773 508 1848 magna
549 1751 718 1828 claritate
744 1765 788 1828 ut
810 1755 972 1853 praesent

41 1854 343 1955 conspiciendum
376 1851 649 1951 repraesentent.
723 1853 832 1932 Alias
865 1856 971 1936 uene

41 1963 88 2040 ad
119 1956 358 2036 formandam
393 1953 654 2052 imaginariam
683 1954 860 2034 visionem
893 1984 970 2038 non

39 2064 162 2140 utitur
205 2055 393 2158 speciebus
430 2057 472 2131 in
515 2056 762 2152 imaginativa
785 2062 970 2159 potentia

39 2164 116 2265 jam
143 2172 234 2239 ante
259 2157 444 2258 reposuis,
459 2156 520 2234 sed
531 2157 695 2235 infundit
720 2160 813 2237 alias
840 2185 971 2256 novas,

40 2287 183 2363 easque
217 2260 372 2339 illustrat
387 2286 402 2335 2:
438 2259 537 2337 unde
563 2259 755 2336 &anima
789 2262 973 2364 objeiium

40 2389 173 2448 coram
197 2363 241 2445 se
260 2364 377 2454 clare,
401 2384 446 2439 ac
469 2361 632 2440 distinste
656 2363 837 2440 intuetur.

41 2589 103 2662 3ο.
119 2567 278 2736 Primo
312 2563 425 2644 modo
458 2562 635 2644 visionem
661 2564 741 2643 sieri
774 2568 973 2665 contingit,

221 2691 309 2745 cum
348 2654 451 2743 Deus
489 2667 674 2744 servorum
712 2668 861 2746 suorum
894 2692 972 2756 non

41 2772 186 2854 nemini
208 2767 394 2870 objectum
418 2769 569 2868 aliquod
593 2768 890 2868 conspiciendum
902 2773 971 2851 da·
1042 2850 1045 2855 ,

43 2900 86 2956 re
109 2875 209 2960 vult¹
234 2874 283 2948 de
307 2892 382 2968 quo
406 2871 545 2971 species
572 2873 621 2949 ad
645 2872 737 2948 illud
757 2870 973 2970 seffiguran·
1055 2920 1063 2962 a

44 2981 137 3057 dum
162 2985 272 3072 aptas
295 2971 373 3070 iam
406 2973 581 3072 polsrdet:
606 2973 652 3050 li.v
677 2997 713 3070 g.
735 2974 826 3050 dum
849 2973 972 3075 Jesum
1060 3030 1070 3043 ..

44 3079 234 3161 Christum
259 3072 360 3150 cruci
385 3074 538 3153 affixum
562 3075 603 3151 in
625 3089 754 3152 monte
776 3074 972 3181 Calvariae‘

45 3197 115 3263 aut
139 3176 337 3283 parvulum
360 3176 400 3251 in
423 3178 491 3255 vili
516 3176 828 3261 Bethlehemitico
862 3189 975 3275 tugu-

43 3289 101 3364 rio
127 3279 304 3362 exhibere
325 3276 426 3356 vult:
464 3279 655 3355 neminem
679 3282 781 3358 enim
794 3315 800 3328 1
814 3281 976 3398 reperire

43 3389 122 3480 est,
149 3387 216 3493 qui
238 3381 404 3464 bominis
428 3381 491 3464 vel
515 3381 728 3467 moribundi
748 3381 811 3467 vel
835 3378 976 3498 ,rosan-
1048 3486 1053 3498 ‚

164 3552 170 3565 .
355 3544 358 3553 ·
872 3493 926 3559 tls
982 3492 984 3497 ’
1040 3518 1041 3523 ’
