2220 3870
95 188 179 284 512
272 159 339 255 Tr·
384 153 437 259 V
471 158 572 295 Cap.
604 153 736 251 XIV.
770 138 939 291 Senfin'

102 357 187 435 153.
200 327 388 497 Ultimo
409 338 515 403 notet
540 324 712 413 direstor,
743 326 843 436 quod
884 325 985 407 salua

318 450 377 502 res
406 430 583 503 hattenus
610 443 847 502 enumeratos
876 428 985 507 frunt

94 540 171 619 illae
207 532 390 607 duntaxat
411 530 546 605 animae
578 527 762 614 hauriant,
790 550 876 623 quae
898 532 985 629 spine

91 641 151 719 fas
162 629 344 735 ejusmodi
357 631 438 705 vias
450 653 535 705 cum
548 626 725 704 fidelitate
737 648 949 726 peragrant.
976 637 986 711 i

91 742 219 819 anima
237 733 337 807 enim
347 732 574 827 negligenter
583 732 913 828 progrederetur,fi
938 736 986 813 da

91 835 274 923 moniacis
298 832 564 908 tentationibus
590 832 689 905 lente
702 831 891 922 resisteret,
917 837 957 914 δι

95 941 313 1023 ariditates,
339 957 384 1010 ac
405 933 661 1009 tribulationes
685 932 987 1033 valdeimperfeti

90 1040 318 1124 exantlaret,
348 1059 423 1110 non
454 1035 564 1107 modo
596 1054 828 1129 nequaquam
851 1039 903 1113 ad
928 1063 987 1115 cot

89 1136 341 1241 templationis
379 1133 698 1222 consecutionem,
735 1134 872 1212 sedne
899 1142 949 1216 ad
972 1143 987 1216 i

89 1248 170 1325 lum
195 1239 343 1340 quidem
367 1234 596 1335 perfectionis
622 1237 776 1332 gradum
791 1243 987 1334 pervenire

90 1368 204 1445 quem
238 1341 340 1416 Deus
378 1360 443 1436 per
480 1335 730 1436 hujuscemodi
755 1342 925 1418 remedia
950 1343 988 1441 ip.

89 1452 386 1551 pu‘aeparaverat,
423 1437 485 1514 sed
522 1439 645 1537 potius
673 1460 747 1536 -per
772 1452 899 1517 totum
925 1445 988 1519 vin

84 1551 162 1629 snae
193 1560 339 1641 tempus
364 1539 521 1618 instato
546 1538 772 1638 imperfecto,
797 1564 844 1616 ac
870 1545 988 1644 deprel

87 1651 127 1729 so
150 1645 327 1725 orationis
352 1642 469 1738 gradu
493 1640 621 1717 misera
648 1642 908 1738 perseveraret.
960 1647 988 1723 E

87 1753 173 1829 haec
195 1746 291 1822 dicta
315 1740 512 1830 sufficiant,
540 1755 582 1818 ut
607 1744 759 1818 direttor
785 1744 833 1818 de
868 1745 989 1827 scabro

86 1853 136 1933 fis
160 1850 239 1934 his,
263 1844 328 1944 per
352 1865 445 1940 quas
469 1844 572 1919 Deus
598 1845 742 1921 animas
764 1843 831 1920 fibi
858 1848 989 1927 dilettii

86 1954 197 2032 fimas
222 1949 355 2024 ducere
377 1944 477 2033 solet,
490 1946 562 2019 viis
588 1946 703 2021 restas
728 1944 792 2021 fibi
819 1948 931 2027 ideas
941 1951 989 2029 fn

85 2067 184 2141 met,
208 2049 248 2129 δι
272 2072 319 2123 ne
343 2046 604 2144 paenitentibus
629 2046 701 2123 suis
727 2069 898 2142 unquam
934 2077 990 2131 ma

86 2158 123 2234 ie
146 2153 321 2232 fundatos
346 2149 503 2224 incutiat
528 2150 699 2236 timores,
727 2151 828 2244 quod
866 2155 990 2235 nullun

84 2255 296 2362 prosperum
319 2251 463 2329 exitum
480 2248 597 2327 sortiri
621 2248 760 2351 poffint.
