2220 3870
132 179 221 294 'bus
252 186 351 285 lucit
371 189 602 327 purgativa
612 181 824 325 spiritus.¹
885 216 970 312 549
1012 140 1028 305 ⁴.

57 352 225 441 uelorum
254 354 566 449 commeratione,
601 357 641 438 dc
666 361 841 440 voluntas
866 360 973 438 inaf-

57 457 202 537 litiioue
225 456 467 539 vehementer
494 460 697 559 defigatur,
746 462 786 542 dc
825 465 970 540 demer-

57 576 168 663 qatur.
214 563 269 642 Et
297 562 385 639 hinc
418 561 446 642 st
473 562 624 663 persona
646 563 711 643 fibi
729 566 807 643 vim
821 566 968 656 inferat,

57 662 224 742 otest&
241 671 243 675 ‘
258 666 505 762 cogitationes
532 664 573 746 dr
605 664 676 744 affe
712 691 757 744 us
786 669 827 744 in
846 668 969 746 Deum

57 766 181 864 rigere
208 769 372 857 orando,
393 766 627 866 postulando,
697 767 968 855 rando‚acsese

57 869 89 945 :d
116 866 195 948 'Dei
219 866 452 948 voluntatem
472 869 772 967 ,conformand03
803 870 841 949 dr
878 871 999 949 licet*

57 967 290 1088 rujuscemodi
321 970 425 1090 astus
451 970 607 1090 nitidi,
640 972 808 1090 insipidi.
833 971 872 1050 dr
899 992 968 1071 pro
1010 1074 1015 1083 ι

57 1072 399 1287 tritanii
424 1076 969 1280 {albamarlam

57 1297 203 1374 nquam
212 1277 494 1356 intermittendi.
547 1279 691 1357 Eodem
704 1277 969 1365 sensu-sumeu-

57 1403 85 1459 a
112 1377 195 1457 sunt
226 1381 339 1475 uerba
358 1380 404 1457 Β.
429 1379 610 1479 Angelae3
632 1403 722 1458 nam
748 1383 838 1458 dum
864 1380 970 1472 dicit,

57 1481 139 1559 uod
159 1481 263 1558 Deus
286 1481 323 1560 se
349 1480 603 1575 absconderit,
626 1484 726 1582 quod
759 1481 900 1558 nullam
921 1480 968 1562 i1÷

57 1584 358 1663 mememoriam
375 1585 566 1674 habuerit,
601 1585 642 1661 id
664 1585 711 1662 de
743 1583 870 1671 facili,
887 1582 969 1660 sen·

57 1684 130 1767 bili
152 1708 197 1763 ac
218 1683 345 1778 suavi,
361 1686 441 1786 'qua
467 1679 571 1786 prius
595 1685 669 1763 frui
700 1686 806 1764 solita
826 1685 969 1778 fuerat,

57 1787 109 1867 tei
135 1786 349 1888 praesentim
382 1811 445 1867 ac·
464 1788 720 1868 recordatione
757 1787 970 1884 intelligen-

57 1912 131 1968 um
168 1890 291 1968 venit:
330 1912 565 1990 nequaquam
600 1890 729 1970 autem
770 1891 818 1967 de
852 1889 968 1980 sicca,

57 1990 165 2082 rida,
199 2016 245 2071 ac
268 1990 408 2071 difficili
438 1994 511 2072 Dei
537 1991 970 2083 memoriamemorial

57 2095 180 2177 enini
202 2115 369 2192 unquam
406 2095 592 2185 aufertur,
615 2097 680 2193 qui
697 2095 771 2173 fide
797 2095 969 2172 imbutor

57 2212 103 2287 t,
140 2196 180 2272 in
201 2218 421 2296 quocunque
444 2198 532 2275 dein
557 2196 655 2277 statu
680 2196 854 2275 versetur.
915 2195 970 2272 Et

57 2319 170 2379 evera
191 2298 315 2395 Beata
339 2323 437 2375 mox
451 2298 656 2398 subjungit,
684 2294 968 2398 quodomnium

57 2423 169 2479 orum
196 2399 439 2503 spiritualium
470 2400 703 2478 cruciatuum
732 2421 866 2477 curam,
892 2419 969 2477 noo

57 2504 233 2593 abuerit,
271 2502 333 2579 sed
371 2501 600 2596 solummodo
635 2501 682 2579 de
718 2501 800 2579 Deo
829 2495 969 2576 offenso

57 2604 206 2685 eluerit.
252 2606 313 2685 Ex
339 2624 413 2702 quo
447 2602 496 2681 fic
523 2626 664 2703 arguo:
713 2601 739 2681 st
770 2625 859 2701 ergo
883 2615 969 2680 tan·

57 2710 97 2786 td
132 2706 231 2785 inter
277 2707 481 2797 tenebras,·
506 2729 552 2783 ac
591 2704 862 2784 occultationes
894 2698 968 2782 Dei

57 2830 82 2885 e
116 2809 200 2912 ejus
238 2806 382 2887 offensis
421 2821 622 2909 tantopere.
658 2807 799 2899 doluit,
833 2806 967 2905 utique

57 2930 124 2989 um
145 2911 278 2990 intime
306 2909 523 3013 praesentem
546 2909 697 3002 habuit,
719 2933 794 2987 nou
815 2908 969 3007 quidem

57 3012 137 3089 uici
171 3037 217 3092 ac
248 3013 463 3108 delectabili
498 3013 638 3092 amoris
666 3008 879 3114 praesentia,
903 3006 971 3084 led

57 3136 162 3193 more
190 3114 362 3205 doloroso·
392 3138 438 3194 ac
464 3115 714 3215 excruciante.
760 3114 860 3192 ‘Haec
886 3132 973 3188 om·

57 3214 101 3317 ia
133 3216 231 3298 dista
260 3217 349 3308 sint,
383 3218 516 3317 nequis
546 3217 646 3298 circa
668 3212 884 3317 hujusmodi
899 3211 969 3290 do·

57 3331 296 3404 umentorum
312 3317 645 3421 intelligentiolae
658 3341 748 3403 vero
758 3317 918 3400 aberret.
971 3336 980 3350 ··
