2100 3870
53 216 151 277 num
171 179 230 309 fir
271 189 313 278 iu
347 177 657 280 revelationibus
695 202 793 293 (γε.
840 196 931 316 283

24 351 79 427 {tu
104 351 328 430 frustratum.
380 354 476 430 Haec
504 354 577 431 fuit
601 353 825 443 declaratio,
859 375 934 450 qua

19 453 199 530 maximae
246 455 481 532 authoritatis
516 457 586 534 viri
610 480 684 532 non
710 454 790 532 fine
821 452 934 532 solido

17 555 315 777 fundfflunQS
306 557 518 638 .Vincentii
541 558 804 637 revelationem
804 556 934 657 explr

17 679 134 732 carun

16 882 108 958 244
96 855 489 1021 Progrediamur
459 885 559 938 nunc
571 860 620 938 ad
649 824 805 940 alterum
821 883 933 938 esen·

232 976 333 1051 tum,
378 986 441 1059 qur
479 966 519 1039 in
561 964 653 1041 libro
699 966 809 1041 tertio
832 964 933 1041 Vitae

20 1020 934 1261 {ipssi'li‘iigiiiilsilinillicisffiidd

16 1265 935 1447 tibi,t‘tlirltrtiittlnlltit

17 1479 95 1562 gat
161 1467 265 1543 Deus
303 1469 403 1545 suam
435 1471 507 1547 hac
551 1474 589 1545 in
627 1493 667 1546 re
703 1392 935 1548 voltintatem
984 1567 986 1570 4

18 1565 249 1658 manifestat,
280 1570 430 1667 ejusque
464 1573 764 1670 praedicationem
803 1583 935 1647 totae

22 1668 140 1743 tantis
169 1670 363 1768 prodigiis,
386 1686 428 1747 ut
459 1697 502 1750 ea
539 1687 614 1748 non
648 1695 817 1751 enarrare
852 1694 941 1748 nro-⁴

19 1771 69 1844 do
106 1768 171 1845 sed
209 1772 248 1847 dc
273 1796 526 1851 enummerare
552 1772 697 1851 difficile
723 1774 835 1860 foret,
847 1795 935 1849 con·

20 1869 158 1947 firmat.
211 1872 310 1949 Cous
306 1875 455 1950 cribitur
503 1875 700 1971 immensus
723 1874 934 1962 exercitus,

22 1972 935 2172 linaturindissimilia?

23 2172 84 2250 led
117 2176 276 2254 luccellu
323 2180 417 2254 adeo
457 2178 632 2269 infausto,
672 2192 715 2255 ut
745 2179 853 2255 multi
868 2177 936 2254 ho·

24 2276 92 2353 lb'li
113 2277 252 2375 gladio·
274 2280 467 2356 trucidati:
492 2280 622 2381 reliqui
650 2301 739 2356 vero
765 2277 936 2377 diffipati,

32 2378 272 2570 titul
280 2375 667 2559 ffisi‘ffllzusflleiii
699 2379 936 2568 bittit

29 2578 120 2657 hauc
152 2579 510 2663 suamvoluntatem
544 2596 603 2660 tot
641 2581 752 2679 fignis
780 2579 936 2658 manife-

29 2680 149 2774 stavit,
182 2698 273 2778 quot
311 2685 488 2782 prodigiis
518 2684 645 2761 fideles
678 2683 726 2760 ad
758 2683 937 2760 illudmo·

29 2784 188 2859 vendunt
229 2783 393 2873 induxit,
424 2808 489 2863 cur
524 2811 599 2862 non
621 2784 707 2861 dein
733 2783 937 2862 etiamvult

29 2882 242 2961 vitiorium?
301 2885 535 2984 Respondeo:
570 2885 688 2964 voluit
735 2887 849 2962 etiarn
895 2882 937 2963 dc

31 2985 191 3062 decrevit
237 2985 451 3076 vitioriam,
494 2987 556 3063 sed
596 2985 659 3063 sub
707 2987 935 3075 conditione,

32 3083 57 3159 st
88 3109 221 3184 nempe
258 3087 452 3167 bellatores
480 3112 564 3165 eam
595 3088 728 3185 agendi
755 3089 937 3166 rationem

36 3185 328 3300 donarent,quae
339 3188 619 3275 bellumsacrum
633 3191 788 3266 deceret
797 3189 938 3265 Verum

36 3288 84 3362 dli
125 3289 252 3367 civiles
293 3288 487 3366 discordias
533 3288 727 3379 fovebant,
771 3312 867 3365 vana
897 3284 938 3366 &

39 3392 183 3470 terrena
210 3391 309 3471 bona
341 3391 570 3485 ambiebant,
608 3389 649 3472 dc
671 3389 940 3572 dumwa-
