2220 3870
131 66 242 236 ⁸560
265 62 394 219 inis.
405 105 637 217 CXVIII.
663 105 1044 260 Quomodopnrgat.

139 286 224 379 ,ritu
254 286 519 368 remanserunt.
593 285 636 363 ln
678 286 911 386 irisdpiritus
942 316 1077 394 purga.

136 391 312 471 tionibus
344 389 557 488 contingit,
595 388 696 484 quod
733 387 935 469 succedere
972 411 1075 477 amat

136 492 188 577 -in
215 492 470 571 materialibus
497 491 661 588 corporis
682 494 1001 591 purgationibus,
1038 502 1076 580 in

136 596 281 694 ¹quibua
306 615 371 694 per
403 593 616 670 diuturnam
648 616 693 670 ac
719 594 880 692 rigidam
914 600 1074 683 diaetam

142 698 249 777 noxii
279 700 456 773 humores
487 691 755 786 absumuntur,
790 696 832 781 ἁ
856 721 998 800 corpus
1020 706 1075 781 in·

141 812 269 898 tegrae.
290 796 438 875 sanitati
472 794 685 881 reffituttur.
771 799 836 875 Sic
865 802 932 879 hic
974 808 1076 887 Deua

139 901 184 982 dr
209 901 384 1001 spiritui,
418 898 459 976 &
492 896 660 974 senfitivo
691 901 873 999 appetitui
907 905 1075 1003 rigidiffi·

139 1026 245 1085 marn
267 1000 466 1102 praescribit
485 1001 671 1090 diaetam,
707 1002 799 1079 dum
826 1028 949 1082 unum
967 1030 1075 1108 aeque

137 1130 187 1188 uc
211 1107 370 1184 alterum
399 1102 682 1201 permolestum
718 1103 810 1180 iilud
839 1113 1075 1213 contempla.

130 1208 253 1289 tionis
278 1208 419 1282 lumen,
432 1220 512 1282 tam
543 1205 642 1285 circa
676 1226 737 1284 res
763 1208 922 1301 iberas,
958 1235 1071 1310 qnam

131 1311 237 1388 circa
272 1307 424 1407 profana
454 1319 563 1384 terrae
594 1304 709 1407 hujus
734 1309 829 1385 bona
854 1315 963 1390 omni
996 1315 1071 1394 sen·

18 1492 27 1501 ,
127 1409 177 1490 du
210 1411 342 1510 privat.
399 1408 469 1485 Per
505 1408 665 1506 rigidam
689 1410 766 1510 jam
811 1410 848 1488 dr
893 1419 1066 1497 acerbam
1102 1466 1104 1497 t

128 1513 236 1593 banc
264 1514 312 1590 ab
337 1510 441 1587 omni
469 1508 661 1588 affetiione
700 1512 964 1595 abstinentiam
990 1542 1063 1599 om·

131 1639 205 1696 tres
259 1613 492 1714 imperfedias
530 1612 807 1719 ¹inclinationes
877 1619 1064 1714 exsiccat,

68 1784 73 1789 .
126 1739 266 1797 omnes
316 1713 547 1793 adhaesmnes
585 1716 777 1805 absumit,
822 1716 862 1796 dt
899 1720 1098 1805 animaru

126 1817 174 1898 iu
204 1816 330 1895 debita
353 1816 594 1916 perfetiione,
625 1816 665 1895 dt
683 1819 837 1921 'optima
861 1825 915 1900 ad
938 1828 1063 2008 rugii-
1092 1872 1096 1919 ;

126 1942 217 1999 eam
257 1919 435 1997 unionem
460 1916 703 2018 :dispositione
737 1922 897 2019 reponit.
1015 1953 1065 2010 ae

21 2032 27 2039 “
123 2023 258 2102 omnia
283 2043 349 2121 per
372 2021 532 2122 primam
555 2022 813 2120 purgationem
843 2028 1063 2131 neutiquam

123 2125 251 2207 evinci
286 2138 519 2222 potuerunt:
545 2136 627 2200 tum
653 2125 739 2221 quia
766 2126 966 2210 diaeta'ibi
998 2135 1060 2212 ser·
1091 2138 1094 2165 ¹

121 2229 211 2307 Lvari
242 2227 346 2317 solita
372 2250 448 2329 non
486 2223 539 2303 est
563 2227 659 2304 adeo
693 2226 841 2324 rigida:
867 2244 957 2310 turn
978 2238 1060 2334 quia
1090 2254 1095 2289 -’

124 2331 244 2411 diaeta
278 2330 326 2406 ad
369 2324 509 2409 sensum
552 2328 769 2427 praecipue,
805 2332 877 2426 qui
935 2339 1056 2416 aridus

117 2431 170 2511 a&
209 2430 339 2510 solatio
380 2429 564 2529 privatus.
597 2443 762 2521 manet,
798 2455 876 2508 non
935 2455 1056 2518 auten
1089 2450 1092 2457 '

119 2533 244 2613 etiam
275 2535 324 2610 ad
345 2530 512 2637 spiritum
534 2532 727 2631 pertinet,
752 2543 886 2634 utpote
919 2544 989 2638 qui
1003 2543 1056 2619 sa·

117 2635 388 2738 pe·..principio
434 2635 597 2730 quodam
641 2634 778 2731 quietae
827 2645 1055 2743 contempu-

117 2737 268 2826 tionis,
305 2738 348 2813 in
380 2749 481 2814 certa
518 2735 735 2825 amorifica,
768 2758 884 2834 quam
912 2743 958 2823 in
986 2749 1054 2823 Deo
1085 2745 1104 2813 =}

121 2836 293 2928 iurauit,
326 2838 536 2916 attentione
565 2837 786 2938 perfruitur,
820 2854 866 2919 ut
895 2842 967 2927 suo
986 2848 1052 2952 jan
1102 2910 1104 2917 Α

111 2937 204 3027 ioco
238 2939 437 3020 declaravi.

114 3084 208 3240 agg„
225 3139 424 3303 Verum
458 3142 598 3264 fruitus
633 3086 747 3264 buitta
783 3104 1049 3266 purgationis,
1101 3124 1104 3149 ⁸

109 3286 137 3325 -,
342 3267 420 3361 prae
445 3248 531 3325 alns
546 3249 688 3326 summo
714 3271 753 3324 tn
769 3263 893 3347 pretio
920 3255 1051 3336 haben·

113 3346 197 3431 dns
223 3344 293 3491 est.
316 3350 555 3452 triumphus,
595 3370 709 3462 quem
736 3348 786 3429 ab
818 3375 958 3441 amore
979 3380 1050 3460 pro·
1082 3378 1085 3383 ·

930 3462 1082 3564 911⁰.
