2220 3870
243 108 419 244 prat'lica
463 138 544 247 pro·
571 104 767 207 direrlm.
832 114 835 119 ’
913 116 1003 225 21‘5·

86 302 109 354 a
133 278 263 359 divina
287 279 370 357 luce
405 278 588 369 oriuntur,
618 278 679 356 led
703 305 726 357 a
750 278 910 356 naturali
931 272 1008 357 luo⁷

84 379 256 485 lumine,
295 380 417 477 quod,
452 394 580 478 utpote
611 383 734 459 minus
758 382 994 478 impeditum,

83 479 219 580 majori
252 482 452 560 vivacitate
486 495 667 580 operatur.
727 482 864 561 Verum
890 483 995 559 Dire-

83 583 161 658 ltor
185 583 394 660 hocordine
409 584 670 683 progrediatur.
721 583 893 683 injungat
914 606 994 681 per·

82 682 212 771 lonae,
246 698 287 761 ut
318 684 345 763 sr
380 686 419 760 in
453 683 713 781 supernaturali
744 684 993 763 recolledione

81 784 280 863 constituta
304 787 416 864 verba
441 784 629 863 lucceffiva
654 782 798 875 audiat,
829 788 995 885 ternpore

78 884 146 962 illo
171 884 369 965 intelledtui
393 886 550 963 fraenum
574 886 789 985 adstn'ngat,
814 886 853 964 δι
866 888 995 963 volun·

80 986 156 1062 tati
187 1010 235 1063 ex
269 986 429 1088 oppofito
466 989 627 1065 relaxet:
651 988 723 1065 live
747 1003 792 1065 ut
814 989 1003 1091 operatio·-

79 1110 152 1164 nes
186 1088 391 1165 intelletlus
417 1103 609 1179 coerceat,
637 1105 819 1187 quatenus
855 1090 903 1166 ad
928 1114 994 1165 no·

77 1212 170 1274 vas,
195 1189 283 1267 licet
307 1192 424 1268 bonas
443 1198 487 1269 ac
513 1189 652 1268 sanitas
677 1192 852 1268 veritates
889 1190 1004 1267 inda·-

78 1290 224 1389 gandas
249 1291 288 1369 dr
312 1290 566 1391 ponderandas
591 1290 626 1367 se
651 1314 726 1369 non
750 1291 909 1367 multum
929 1308 1006 1391 ap-}

77 1392 211 1492 plicet,
235 1394 379 1491 eoquod
402 1394 607 1494 praecipuus
632 1392 768 1471 fructus
793 1390 884 1469 t'unc
900 1400 1004 1465 tem·'

77 1492 181 1670 poris
217 1493 258 1571 in
281 1494 354 1571 hoc
388 1494 604 1591 neutiquam
625 1492 671 1571 stt
707 1492 905 1593 repositus3
929 1510 1003 1566 vo··

92 1608 264 1671 untatern
299 1610 424 1673 antem
459 1609 578 1672 totam
603 1606 780 1693 quantam
815 1595 864 1673 ad
889 1606 1007 1669 amo-¹

76 1718 158 1774 rem
191 1694 361 1813 applicet.
416 1697 479 1774 Sic
504 1694 703 1773 intelledui
727 1698 767 1775 in
792 1698 1010 1813 conceptus'

77 1796 625 1997 ttiuttttltltttl
637 1794 995 2015 triplssclllldss
1106 1956 1109 1965 .

75 1999 231 2079 liDeus
256 2012 381 2076 antem
406 1999 506 2096 loqui
528 1999 639 2088 velit,
664 1998 777 2077 verba
802 2024 850 2075 ex
869 1998 934 2075 rllo
952 2019 994 2072 a·

74 2102 194 2179 moris
226 2100 347 2176 calore
380 2100 540 2197 profetia
574 2123 662 2177 vera
696 2098 885 2177 succeffiva
922 2094 994 2173 Dei

73 2203 212 2292 verba,
233 2222 291 2279 ac
324 2200 450 2281 divino
472 2201 612 2279 lumine
636 2198 834 2277 informata
868 2212 992 2279 erunt.

71 2305 190 2403 quue
215 2325 261 2379 eo
285 2304 429 2403 magis,
454 2305 553 2403 quod
583 2303 622 2381 S.
636 2302 807 2405 -Joannes
830 2323 853 2377 a
878 2316 996 2379 cruce

71 2405 103 2505 (
128 2408 166 2482 r'n
197 2388 330 2506 Ascenſs
364 2417 463 2483 mont.
491 2402 538 2483 L.
573 2428 609 2483 2.
636 2426 708 2501 cap.
738 2403 843 2502 29.)
867 2398 997 2479 dehic

73 2506 200 2585 verbis
240 2505 393 2603 loquens
419 2506 541 2584 dicat:
568 2528 633 2601 qao
671 2529 745 2580 vero
771 2506 850 2601 plus
886 2500 998 2581 clari·

74 2610 159 2684 ratis
183 2602 388 2698 ottocaro
419 2608 559 2705 amplius
582 2604 804 2704 illustratura
831 2600 917 2680 Deo.
944 2606 998 2683 Et

72 2708 164 2787 huic
187 2707 409 2786 ordinationi
433 2707 645 2784 direttorem
679 2717 771 2783 tunc
806 2707 991 2805 praecipue

73 2808 208 2887 instare
246 2823 415 2906 oportet,
449 2810 539 2885 dum
573 2809 764 2896 animam,
800 2808 860 2884 cui
886 2809 993 2883 Deus

72 2910 286 3007 frequenter
307 2910 490 3008 loquitur,
516 2910 555 2986 in
581 2908 815 2997 humilitate,
840 2906 997 2984 mortifi-

72 3014 233 3099 catione,
257 3032 303 3087 ac
329 3012 412 3088 aliis
425 3007 548 3086 solidis
564 3010 996 3125 virtutibusneutiquam

71 3110 285 3192 notabiliter
306 3110 479 3211 prolicere
503 3111 607 3189 videt
613 3135 626 3207 3
658 3110 825 3191 omniurn
876 3106 998 3187 maxia

69 3226 304 3303 meantem,
331 3210 481 3291 liillam
507 3225 654 3329 aperta,
693 3220 744 3291 ac'
773 3212 897 3319 viracl
928 3210 986 3287 in·
1014 3230 1018 3239 ·

69 3314 279 3421 telligentia
304 3312 604 3499 dotatamgcrat:
629 3313 671 3399 in
693 3312 755 3399 lde
771 3306 1011 3496 tumbali-²
1044 3344 1050 3352 ·
