2220 3870
210 272 214 279 .
240 180 431 324 ,predica
449 148 539 319 *pro
571 173 776 282 diradare.
802 191 807 205 '
929 193 1021 317 387

82 353 250 458 cuidem
272 355 422 435 uirtutis
457 350 578 430 citum
611 351 744 429 elicere
757 446 759 450 .
774 351 944 432 valeant:
961 367 1041 449 tot

99 476 242 556 nempe·
256 455 529 554 repugnantiae,
563 445 819 542 difficultates,
851 453 889 533 dr
926 457 1023 534 inte·

97 562 217 641 riores
262 551 568 634 contradidiones
598 556 637 632 in
671 558 850 634 virtutum
882 558 1045 635 exerci-x

86 663 244 743 ..tadone
278 659 362 757 ipris
394 670 602 755 occurrunt:
649 656 729 734 Nec
753 659 792 734 id
818 684 904 738 eum
929 661 1024 740 ulla·
1062 684 1066 704 ¹
1100 656 1103 662 ’

82 761 372 848 tenuamirurn
405 761 566 836 habeat:
599 759 687 854 quia
718 759 756 837 S.
784 762 899 837 etiam
923 762 1023 841 Pau·

86 866 184 952 ius,
218 862 306 939 licet
335 862 384 938 ad
412 861 668 960 speculandam
695 862 765 936 Dei
792 863 948 961 gloriam
980 865 1023 941 in

87 966 256 1049 ..tertium
283 962 394 1059 usque
425 963 560 1040 caelum
591 973 740 1061 raptus,
776 965 898 1045 dicere
937 990 1029 1067 coa·¹

104 1071 184 1144 tius
213 1063 305 1142 fuit:
332 1063 410 1140 velle
439 1065 567 1161 adjacet
597 1061 709 1140 midi:
742 1065 894 1164 perficere
914 1079 1023 1143 ouum

103 1166 222 1245 bonum
253 1164 541 1259 conjunccio(
565 1163 627 1240 Ad
660 1161 758 1242 Rom.
784 1194 819 1262 7.
847 1191 880 1244 v.
910 1171 1023 1270 18.)

101 1269 220 1352 Notet
255 1281 381 1344 tamen
419 1265 599 1357 director,
635 1267 894 1364 impotentiam
924 1270 1035 1349 hanc

91 1373 143 1456 ,in
174 1368 351 1471 ejusmodi
378 1368 573 1445 animabus
611 1387 688 1445 non
721 1369 811 1446 dari.
864 1370 971 1457 Quod
982 1398 1022 1447 e·

100 1475 252 1552 vincere
291 1483 501 1566 nequeunt,
550 1468 590 1544 in
634 1494 679 1545 eo
709 1469 890 1560 versatur,
921 1463 1036 1570 quod'

99 1587 248 1676 partem
279 1573 491 1648 inferiorern
522 1594 607 1646 cunr
641 1570 831 1670 superiori,
865 1573 925 1652 seu
943 1574 1023 1651 sen·

99 1677 183 1755 sum
207 1699 293 1751 cum
320 1672 446 1772 spiritu
472 1672 668 1759 conciliare
680 1699 754 1749 non
770 1674 907 1773 poliint.
936 1677 1024 1755 Hoc

86 1778 270 1863 obtinere
295 1801 370 1851 non
402 1772 562 1874 poffunt,
592 1787 635 1851 ut
666 1776 831 1853 irritatus
859 1789 965 1864 tanta
981 1803 1023 1858 a·

100 1880 254 1958 riditate
271 1875 460 1954 senfitivus
486 1878 672 1977 appetitus
687 1879 793 1954 bonae
809 1903 935 1957 earum
956 1906 1025 1958 vo·

101 1981 241 2060 luntati
279 2004 354 2056 non
388 1980 627 2056 contradicat.
646 2048 662 2063 ,
676 1979 814 2058 Verum
827 1982 911 2059 -hoc
948 1984 1023 2060 vir·

101 2097 230 2161 tutum
255 2081 511 2159 exercitationi
541 2081 754 2158 nullatenns
779 2083 897 2159 obest:
935 2087 1025 2182 quia

102 2199 150 2262 ut
183 2184 266 2280 quis
292 2184 386 2259 bene
414 2181 453 2258 dr
480 2205 566 2258 cum
599 2184 732 2259 merito
747 2199 933 2281 operetur,
952 2186 1025 2264 suf·

101 2285 204 2370 ficit,
222 2283 516 2380 qaodvoluntas
542 2281 662 2358 sensus
687 2287 941 2380 repugnantiis
955 2288 1026 2364 ieie

102 2399 290 2486 opponat,
325 2384 474 2461 obviam
505 2385 701 2481 procedat,
738 2384 777 2460 dr
808 2410 881 2460 non
916 2387 1025 2486 juxta

102 2485 262 2566 effrenes
299 2485 381 2586 ejus
407 2484 682 2584 appetitiones,
715 2483 775 2561 sed
809 2485 913 2584 juxta
928 2488 1041 2571 sanae

101 2589 263 2669 rationis
296 2612 340 2666 ac
380 2586 467 2663 fidei
501 2587 698 2665 dictamina
733 2603 914 2684 operetur.
967 2589 1025 2670 Ita

64 2691 146 2770 -S.
182 2691 346 2768 Thomas
379 2689 495 2766 citata
520 2687 684 2787 Apostoli
704 2691 814 2766 verba
843 2690 1031 2771 declarat:-

93 2790 225 2894 scr'licet
256 2795 486 2890 pergratiam
509 2795 584 2888 jum
613 2802 781 2888 reparato,
814 2789 855 2867 Θ
883 2818 927 2867 rx
949 2817 1026 2890 ope·

103 2896 234 2976 ratione
260 2893 382 2968 divino
411 2893 557 2990 gratio:
581 2917 639 2989 per
664 2893 918 2989 quampridem
943 2917 1025 2993 gra·

103 2995 189 3072 tiam
221 3018 288 3071 non
304 2993 414 3094 serlum
448 2993 522 3070 volo
542 2991 681 3083 bonum,
698 2993 762 3092 sed
783 2995 1029 3092 etiamaliquod

70 3091 183 3174 toni
211 3098 327 3195 socio,
356 3099 434 3192 quio
443 3119 588 3194 repugno
613 3094 940 3194 commistorum&
952 3120 1032 3171 corr⁴

103 3210 162 3276 tra
192 3223 264 3274 eam
289 3221 355 3295 ogo
385 3197 500 3273 durius
519 3194 663 3294 spiritu:
682 3196 831 3295 sednon
857 3199 1027 3288 invenioin

102 3324 176 3377 roca
197 3301 367 3402 potestate,
381 3295 540 3394 quomodo
555 3296 638 3373 iliud
661 3294 778 3373 bonnm
803 3298 1027 3396 perficiamur

89 3399 239 3505 scrinei
261 3397 411 3485 totaliter
423 3395 922 3592 cchubpiscmtr'ornrxtiudam(
935 3394 1027 3604 133.
