2220 3870
94 190 98 197 ·
115 148 287 295 spiritus
300 140 477 288 drssonat
494 136 552 244 ad
570 147 701 243 unior.
721 146 865 284 mystic.
900 172 977 275 552

68 332 148 417 186.
173 323 389 490 Praeterea
421 341 489 418 per
516 316 741 416 spiritualem
766 318 865 396 lianc
893 340 982 420 pur·

259 422 449 521 gationem
472 421 651 505 radicitus
672 419 881 500 evelluntur
899 444 982 501 om·
1067 496 1070 501 ,

68 550 131 609 nes
160 525 313 605 habitus
335 521 536 623 imperfecti
567 520 608 597 iu
631 530 736 620 parte
770 517 848 602 five
868 525 984 603 ratio·

68 629 160 719 nali,
186 623 444 704 srve'sensrtiva
470 637 582 701 antea
597 622 800 702 contracti:
826 625 867 703 id
882 626 983 724 quoa

68 731 232 834 purgatio
249 726 370 804 sensus
393 750 462 802 nec
481 721 629 814 effecit,
654 748 725 800 nec
747 723 891 805 efficere
913 752 981 846 po-
1015 812 1018 820 ¹

68 834 167 926 tuit3
203 831 292 906 licet
311 852 377 905 eos
409 829 458 905 ad
482 826 665 906 summum
694 825 790 904 sorte
815 829 987 910 debilita-

68 958 102 1013 re
127 932 299 1033 potuerit.
351 930 411 1008 En
432 930 637 1005 rationem:
663 950 750 1004 cum
772 931 898 1010 anima
919 955 985 1032 per

68 1040 185 1114 lucem
206 1032 441 1134 purgativam
458 1053 589 1109 omnes
605 1028 689 1106 suos
707 1029 871 1108 amenus
900 1056 986 1134 pro·

68 1136 177 1218 funde
194 1134 416 1236 perspiciat,
446 1133 553 1232 juxta
575 1131 651 1230 jam
682 1131 778 1209 dista
807 1133 903 1211 adeo
927 1135 987 1211 ui·

68 1261 197 1319 vacem
221 1238 416 1328 dolorem,
454 1233 494 1312 &
523 1233 755 1311 afflictionem
781 1235 876 1313 adeo
897 1235 988 1315 inti-

68 1360 169 1420 mam
194 1339 241 1414 de
263 1337 311 1413 iis
335 1335 524 1434 concipit,
553 1349 597 1413 ut
627 1359 702 1410 nou
733 1336 900 1416 modoa
927 1340 990 1416 tu·

69 1443 164 1523 libus
183 1452 421 1539 repurgetur,
445 1437 507 1513 sed
524 1434 568 1512 rit
594 1435 716 1512 omnis
739 1435 919 1526 facilitas,
945 1439 990 1518 dt

69 1543 192 1623 omnis
220 1542 413 1617 inclinatio
444 1538 485 1614 in
515 1537 563 1613 iis
594 1537 873 1617 committendis
900 1550 993 1620 antu

69 1642 255 1725 contraitur
279 1640 385 1719 simul
408 1639 623 1717 destruatur.
674 1640 716 1718 si
732 1663 862 1719 verum
886 1643 991 1721 euim

69 1747 122 1826 est
150 1741 304 1821 effatum
333 1740 635 1840 Philosophorum
656 1796 673 1829 ,.
704 1744 803 1838 quod
835 1746 885 1821 ad
916 1743 994 1822 for·

69 1848 251 1930 mannum
279 1845 449 1935 habitum
474 1843 590 1919 etiam
611 1865 710 1919 unus
742 1844 845 1922 auus
869 1847 994 1924 inten-

69 1950 132 2030 sus
161 1947 314 2025 sufficiat
336 1968 355 2038 ;·
383 1945 583 2021 dicendum
605 1945 728 2022 aetiam
757 1947 859 2039 erit,
892 1946 996 2045 quod

69 2073 172 2132 unus
196 2050 298 2154 altus
322 2047 467 2126 habitui
495 2046 700 2123 contrarius
714 2103 735 2138 .,
767 2048 794 2125 fi
824 2049 859 2127 is
884 2051 999 2130 valdo

70 2151 237 2234 intensus
268 2175 313 2228 ac
343 2149 547 2226 vehemens
569 2148 714 2238 fuerit,
746 2151 904 2229 adeum
929 2153 1000 2229 da-

70 2254 285 2337 stmendnm
314 2249 476 2327 sufficere
506 2248 638 2346 pellit,
673 2248 872 2329 secundum
902 2251 999 2335 illud

73 2354 316 2460 principium:
347 2348 598 2445 Contrariorum
613 2347 723 2425 eudem
744 2355 786 2449 ιβ
810 2348 1001 2452 disciplina.

75 2461 226 2548 Quanta
250 2476 339 2550 ergo
365 2452 414 2530 ad
441 2474 573 2527 omnes
605 2473 738 2549 pravos
762 2477 810 2530 ex
833 2455 1003 2554 praeteri-

75 2562 129 2639 tia
156 2555 358 2634 defectibus
385 2552 560 2631 oriundos
576 2551 727 2629 habitus
750 2556 1002 2637 exterminan-

74 2664 147 2740 dos
169 2659 308 2736 virtute
336 2654 526 2754 pollebunt
548 2660 605 2729 tot
631 2653 733 2730 astus
753 2656 796 2736 ὅς
816 2657 1005 2755 intensum

76 2762 132 2843 mi
153 2761 193 2838 δι
222 2752 526 2836 vehementillimi
557 2753 727 2847 doloris,
768 2761 833 2857 qui
866 2785 1003 2860 purga·

77 2863 194 2945 tionis
211 2860 323 2962 hujus
345 2872 511 2959 tempore
531 2857 707 2936 contiuuo
732 2862 991 2943 exercentur?

83 3081 169 3191 182.
198 3058 324 3227 Idem
355 3060 555 3180 dicendum
584 3059 632 3138 de
657 3058 910 3179 affectionibus
929 3003 1006 3145 im·-

262 3165 456 3267 Ρθῐῑθᾶιε,
481 3164 522 3241 &
551 3164 820 3243 adhaeslonlbus
845 3170 1006 3251 tamam

80 3280 257 3355 terrena,
285 3284 408 3368 ‘quam
432 3266 482 3343 ad
507 3265 693 3359 coelestia,
719 3290 803 3363 quae
832 3270 909 3371 post
932 3273 1008 3369 pri.

70 3394 189 3547 mam
209 3367 469 3477 purgatorem
496 3369 538 3475 iu
562 3366 666 3497 leulu
690 3390 798 3488 aequa
821 3373 1009 3561 ,sagulpfi
