2100 3870
98 194 179 293 156
323 178 388 276 Tr.
413 178 491 275 IV.
507 181 611 315 Cap.
636 172 723 273 Xs.
761 169 864 304 Vrfio

95 346 267 426 saltatum
305 370 350 425 ac
382 345 562 429 claranum
591 345 795 423 intellettus
824 340 964 427 vibonu

95 450 251 568 speciem
275 450 468 548 pertinent
533 449 583 524 Et
606 448 666 523 hae
699 458 830 523 omnes
854 469 904 521 ex
928 468 964 521 ιιι

96 553 232 640 ainis,
256 572 348 646 quas
374 551 474 629 Deus
499 548 639 626 dileslis
663 550 862 624 animabus
878 546 964 623 inb

28 681 31 687 ¹
95 652 176 730 vita
199 651 428 799 impertitur,
453 651 847 729 communicationibus
871 646 964 726 sunt

102 814 458 1019 1357Monitum
455 855 526 931 bic
550 853 739 931 Lestorem
773 851 908 940 velim,
927 848 964 925 vi

321 982 452 1046 onem,
488 957 535 1031 de
584 952 896 1052 quartinonum,
943 974 963 1026 e

97 1054 255 1145 claram
285 1059 403 1136 multo
435 1072 561 1134 tamen
591 1055 800 1132 inferiorem
840 1051 932 1143 else,

97 1174 320 1256 magnopere
349 1157 492 1235 differre
530 1183 555 1235 a
590 1155 726 1232 visione
748 1154 964 1232 intuitivab

97 1271 267 1348 ntorum,
297 1283 370 1358 qua
407 1262 550 1347 Deum,
582 1256 717 1334 ficut
706 1279 746 1332 ιιι
782 1255 818 1331 se
847 1253 964 1372 ipsoe

96 1359 324 1439 videbimus.
354 1375 434 1439 tunc
454 1360 629 1463 stmiles
599 1385 628 1433 ιι
654 1360 794 1445 erimus,
815 1359 897 1473 qnia
918 1357 963 1431 vio

98 1455 205 1537 &aas
249 1488 321 1539 ιιιιιι
354 1466 456 1562 stanti
500 1465 551 1564 ιβ.
610 1458 672 1536 Ad
707 1456 942 1546 intuitivam‚

98 1562 309 1641 beatficnn
346 1563 522 1641 visionem
554 1561 654 1638 enim
693 1560 768 1637 duo
812 1514 963 1635 necessat

97 1664 342 1757 requiruntur.
399 1665 522 1741 Primo
553 1663 679 1738 lumen
721 1661 868 1760 gloria,
911 1680 963 1755 qu

97 1775 264 1838 creatum
288 1764 511 1840 intellesium
540 1764 638 1862 dispo
639 1777 728 1854 nat,
759 1761 800 1839 &
825 1761 875 1838 ad
906 1758 963 1841 vis

99 1886 204 1941 uem
218 1864 311 1939 adeo
331 1869 556 1951 eminentem
579 1865 710 1942 elevet
761 1863 934 1939 Secundo
954 1884 963 1938 1

100 1963 258 2059 quiritur
298 1964 404 2063 juxta
446 1965 629 2041 dostorem
679 1965 914 2061 angelicum,

99 2064 299 2142 intellectui
335 2067 407 2140 hac
433 2070 575 2142 ratione
620 2067 787 2163 dispolito
824 2065 963 2141 Densi

100 2163 137 2240 se
173 2166 339 2254 uniatur,
365 2167 403 2243 &
431 2165 478 2248 sic
511 2167 638 2242 unitus
668 2167 798 2264 speciei
836 2166 963 2259 intellir

98 2264 184 2346 bilis
216 2268 336 2342 vicem
369 2268 549 2366 suppleat:
574 2269 661 2363 quia
689 2268 795 2367 juxta
824 2268 862 2342 S.
879 2268 963 2342 Dosi

98 2369 152 2445 ris
183 2368 392 2466 opinionem
422 2371 471 2446 ad
498 2370 661 2446 divinam
693 2367 899 2456 essentiam,
923 2390 963 2464 qt

100 2468 148 2544 lis
184 2470 225 2545 in
261 2470 296 2545 se
336 2471 410 2569 ipsa
445 2471 513 2559 est,
549 2470 879 2568 repraesentandam
911 2495 962 2543 nu

100 2585 224 2646 creata
251 2570 400 2669 species,
422 2574 626 2670 pertingere
643 2572 767 2669 potest.
828 2571 963 2646 Neutu

99 2670 234 2748 horum
263 2677 444 2769 contingit
466 2675 506 2750 in
533 2672 747 2760 ultionibus,
780 2692 864 2767 quae
882 2670 962 2746 sant

101 2771 322 2866 quibusdam
362 2776 555 2851 animabus
595 2775 635 2850 in
669 2776 747 2873 vita
786 2774 857 2849 hac
883 2796 962 2848 conr

100 2873 255 2947 duntur:
299 2873 386 2950 licet
416 2876 476 2952 hae
509 2876 609 2951 enim
647 2874 867 2962 manifestae,
888 2876 962 2951 dilb'

102 2971 189 3059 stae,
227 2995 272 3047 ac
301 2975 409 3051 clarae
441 2977 534 3065 sint,
565 2978 667 3051 Deus
696 2991 823 3052 tamen
862 2977 942 3063 ita,

100 3029 231 3189 speciei
271 3074 509 3188 intelligibilis
547 3072 667 3155 vic'em
697 3076 876 3175 suppleat,
910 3101 962 3151 mc

101 3175 143 3249 ti
178 3198 253 3251 non
281 3176 428 3265 unitur,
467 3178 528 3253 sed
559 3178 594 3253 se
626 3178 801 3275 patefacit
830 3179 962 3252 duntar

102 3298 167 3373 per
200 3273 382 3372 speciem
403 3293 588 3366 creatam,
634 3302 717 3374 quae
761 3279 962 3376 cujuscunq

102 3377 254 3458 demum
292 3377 468 3461 claritatis
502 3336 633 3472 fuerit,
672 3405 759 3464 eum
785 3380 962 3559 semperdv

945 3504 962 3556 e
