2220 3870
17 200 25 207 ·
169 252 172 257 ,
212 142 393 286 ρτιιὲἳίειι
420 173 495 284 pro
530 136 732 242 diresio're.
778 184 781 189 ·
892 147 979 283 app
1026 245 1031 249 ,

50 339 121 423 per
144 316 388 416 conjungitur.
439 315 498 390 Ex
523 313 639 392 altera
665 324 768 413 parte
780 333 981 397 nemoaou

53 421 141 510 scit,
166 419 325 494 militem
341 417 475 493 animo
500 417 679 516 dejeuum
718 415 854 492 vitium
875 413 979 514 'jam-

50 523 133 626 jam
158 545 202 597 ac
228 517 434 618 superatum
453 515 534 598 esse.
583 517 831 605 Quamobrem
855 515 881 592 sl
907 541 979 593 un·

53 646 172 720 quam
197 621 290 697 alias
315 620 376 694 hic
402 619 462 696 vei
497 621 660 695 maxime
696 617 890 695 necessaria
925 617 978 696 est
1007 717 1009 722 Ι

51 724 165 804 fortis
192 746 236 798 ac
259 721 427 797 constans
453 721 493 794 in
519 722 598 795 Deo
622 720 775 809 fiducia,
799 743 882 816 quae
907 719 979 820 spi·

51 828 172 906 ritum
187 823 376 911 aeuum,
413 821 615 909 robustum,
642 819 755 897 &ad
788 822 978 899 conssistus

56 939 189 1017 contra
214 939 336 1000 totum
362 923 476 999 etiam
502 923 685 998 infernum
703 922 841 1019 semper
855 918 981 1020 prom&

56 1043 141 1109 tum
166 1025 300 1112 servet,
325 1047 394 1122 nec
419 1045 658 1119 quacunque,
684 1022 906 1100 formidabili
932 1025 979 1101 ii·

61 1143 139 1218 cet,
164 1126 399 1202 inimicorum
423 1125 644 1222 aggressione
670 1123 778 1224 dejici
803 1125 978 1223 patiatur.

59 1231 104 1310 Si
139 1227 291 1303 direttor
322 1227 442 1302 hoca
476 1225 648 1324 discipulo
673 1226 736 1302 suo
759 1226 980 1316 obtinuerit.

59 1332 228 1409 securum
257 1352 343 1405 eum
368 1326 470 1415 volo,
498 1328 596 1422 quod
621 1329 654 1404 is
681 1351 728 1403 ex
760 1348 980 1423 quocunque

59 1430 232 1511 conslistu
271 1430 385 1505 vittor
423 1429 630 1518 rediturus,
679 1430 826 1505 daemon
851 1441 980 1507 autem

59 1534 202 1631 semper
226 1533 272 1608 ab
299 1556 343 1606 eo
368 1527 616 1628 profligandus
640 1527 706 1606 sm
747 1531 841 1607 licet'
860 1530 981 1606 moni·

58 1649 144 1715 tum
166 1633 239 1710 hoc
259 1658 334 1708 non
359 1655 428 1728 ego
453 1630 642 1726 suggeram
656 1686 680 1723 ,p
696 1630 766 1708 sed
793 1631 982 1730 -Princepu

60 1734 319 1835 Apostolorum
344 1733 382 1808 S.
398 1732 540 1812 Petrus
564 1732 603 1807 id
628 1731 855 1832 suppeditet,
870 1733 898 1832 ζ
907 1731 983 1833 Ερζ

10 1870 12 1875 ’
65 1865 100 1915 1.
126 1860 198 1936 cap.
227 1858 261 1930 5.
288 1859 321 1911 u.
346 1848 379 1920 3.
405 1834 433 1932 )
460 1833 653 1930 inquiens:
676 1833 901 1932 Adversarius
923 1858 982 1910 ve·

10 1966 14 1981 ’
56 1941 123 2043 fler
152 1934 301 2012 diabolus
333 1937 469 2021 circuit,
508 1956 676 2031 quarens,
715 1960 808 2032 quem
828 1936 981 2028 deuoret,

10 2036 18 2085 ¹
64 2041 117 2116 cai
145 2039 273 2141 reststire
289 2039 399 2135 sortes
423 2038 458 2111 in
474 2035 557 2135 fide.
610 2038 668 2113 En
693 2038 733 2114 in
757 2028 905 2116 leofiino
927 2038 984 2114 di·
1011 2087 1016 2099 ›

10 2138 21 2185 ²
65 2140 164 2221 aboli
189 2140 344 2216 circuitu
377 2136 601 2214 obsidionem
627 2141 916 2232 daemuniacam3
943 2138 984 2234 &

10 2336 26 2391 ¹
63 2240 204 2422 ffugigee
218 2237 984 2444 ’ςὲἓᾶοῐθιξηὶἓῇἓᾬᾰῖἑῇεθᾞέρῗῆἷυέοῗ

10 2422 13 2431 .
195 2401 207 2437 a
966 2373 986 2433 ⁴.

10 2438 134 2524 ³tet.
813 2444 816 2452 ’

10 2539 27 2587 ι
634 2539 638 2548 f

10 2635 26 2709 Ρ
67 2673 132 2750 97.
147 2642 216 2810 Si
241 2643 396 2723 daeaor
420 2655 546 2724 autem
571 2641 673 2723 suam
694 2643 793 2723 hanc
833 2645 1000 2724 intentis

10 2736 24 2786 ⁵
249 2773 359 2825 onem
384 2747 507 2825 secure
532 2746 667 2844 assequi
690 2747 804 2836 velit,
838 2747 909 2824 hoc
927 2770 987 2825 or·

10 2836 21 2888 ¹
66 2850 158 2928 dine
181 2846 453 2948 progrediatur}
480 2865 568 2928 ante
598 2851 722 2927 omnia
757 2847 894 2927 scilicet
931 2851 989 2927 di·
1076 2946 1078 2951 y

10 2938 18 2987 ⁵
66 2950 197 3050 scipuli
221 2950 274 3026 sui
299 2955 419 3035 menti
439 2953 627 3050 geminam
651 2953 748 3031 hanc
771 2950 858 3027 fidei
894 2948 991 3027 veri·

10 3038 16 3089 ¹
66 3068 191 3134 tatem
213 3052 392 3152 profunde
416 3055 626 3154 imprimat:
653 3055 776 3132 Prima
803 3053 874 3143 est,
891 3051 993 3148 quod
1052 3080 1055 3087 ·

10 3142 13 3255 f
48 3156 220 3233 ¹daemon
270 3157 488 3252 neutiquam
534 3170 682 3233 tantum
724 3157 829 3232 nobis
878 3162 989 3229 aucei

10 3266 11 3275 ’
66 3279 113 3336 re
152 3256 407 3354 permittatur,
434 3271 613 3353 quantum
638 3256 771 3358 potest,
796 3266 862 3332 aut
875 3275 995 3350 quan«

70 3369 158 3434 tum
172 3358 265 3436 vult.
290 3357 336 3437 lu
348 3355 568 3460 Apocalypsi
580 3358 761 3467 legimus,
779 3357 995 3459 quodDeua
1015 3415 1022 3431 ,

70 3452 233 3581 Tqmll.
486 3457 556 3548 Eo
887 3455 975 3565 Μ’

679 3630 682 3637 “
826 3641 840 3679 s
