2220 3870
139 184 226 271 522
300 156 367 255 Tr.
399 153 450 255 V.
476 159 580 289 Cap.
606 155 719 254 XV.
742 110 1001 289 Despiciam
1090 98 1095 225 i

132 348 234 430 pono
257 323 381 447 poffirm
403 352 452 400 me
470 350 616 432 maere,
630 323 672 402 &
685 323 767 448 ‘som
784 328 946 424 fatigato
964 310 1067 426 jacen

134 448 195 505 nac
220 442 317 504 enom
326 429 484 503 concedere
507 428 553 502 nd
563 425 948 529 snfficrentromppffunr.
975 427 1067 508 Turn
1091 436 1095 499 i

138 534 260 633 pergit
295 530 495 623 describere
536 527 739 621 efferatas,'
773 532 913 628 q'uibus
947 526 1067 615 invasa

138 630 445 732 compatione<
458 631 681 723 iracundiae,
707 632 749 719 dr
767 633 1066 711 'horrendasten

137 737 320 820 rationes,
346 736 481 833 quibus
506 735 547 811 in
570 735 673 812 omni
686 734 1067 834 ‘criminum'genere

138 835 179 913 δι
211 837 416 935 praeprimis
450 836 489 912 in
524 837 624 933 turpi
658 835 905 939 inhonestatis
929 837 1066 915 vities

135 937 372 1020 daemonibus
392 937 615 1016 circumsessa
640 937 772 1016 fuerat.
824 938 926 1017 Haec
947 937 1066 1035 omnir

28 1078 34 1095 ,.
134 1039 169 1135 s
194 1054 238 1116 ut
269 1041 381 1116 ledor
407 1064 453 1115 ex
479 1039 584 1140 supra
611 1041 738 1131 dittis,
764 1039 877 1117 facile
914 1063 1064 1140 arguere

132 1141 319 1242 poterit)
345 1143 524 1220 terminos
548 1144 781 1245 purgationis
803 1141 983 1225 rensuum
992 1158 1066 1223 neo

133 1245 231 1322 dum
255 1245 505 1344 egrediuntur.
1094 1280 1097 1297 ·

241 1443 498 1628 lirare
523 1443 1105 1651 arripientem

131 1649 259 1742 ritus,
283 1672 396 1748 quam
421 1654 553 1728 eodem
579 1650 685 1729 simul
710 1664 878 1753 ternpore
901 1677 996 1731 curn
1009 1677 1064 1731 er·

102 1760 104 1767 ’
135 1764 271 1852 trema
284 1752 347 1829 sua
373 1754 566 1830 afflictione
592 1752 754 1852 pertulit.
826 1754 1066 1854 Quandoqui-

133 1855 225 1932 dem
250 1868 330 1930 toto
357 1857 490 1954 capitis
513 1855 628 1953 hujus
653 1853 795 1931 residuo
827 1856 981 1936 intenta
1020 1854 1066 1934 est

134 1957 388 2054 exprimendis
414 1955 602 2049 effettibus
629 1952 926 2059 profundiffin'rae'
950 1959 1066 2060 cujus

138 2056 227 2132 dam
262 2058 510 2155 cognitionis,
544 2080 618 2155 qua
641 2057 853 2154 frequenter
883 2058 954 2139 sua
989 2084 1067 2161 pen

129 2170 240 2248 cata,
264 2158 558 2257 imperfet'tiones
585 2161 624 2238 dc
648 2161 812 2239 miserias
839 2161 940 2238 adeo
966 2166 1014 2239 ob
1032 2188 1067 2239 o-

11 2246 23 2261 '¹
133 2260 240 2338 culos
266 2262 416 2352 habuit,
440 2275 484 2339 ut
505 2263 611 2352 Dens
638 2288 713 2338 non
738 2263 850 2337 modo
875 2263 1067 2341 abscondi·
1102 2284 1108 2351 Ι

130 2375 199 2461 ms
224 2363 285 2441 sed
308 2365 348 2441 dr
374 2364 543 2454 aversus,
568 2363 706 2465 &ipsa
730 2362 812 2464 ejus
837 2366 965 2460 gratia
1007 2390 1068 2442 ex·
1104 2376 1109 2427 t

134 2465 258 2541 cidisse
276 2468 479 2558 videretur;
506 2467 618 2561 idque
645 2484 731 2561 cum
757 2464 957 2559 afflidione
975 2469 1065 2545 adeo

133 2566 289 2657 intimo,
315 2568 354 2646 dr
386 2580 464 2644 tam
501 2568 644 2665 ingenti
670 2564 859 2666 suiipsius
887 2569 1065 2670 despectu.

131 2684 178 2744 ut
200 2683 346 2767 optaret
373 2668 436 2745 fibi
446 2669 615 2745 tellurem
629 2670 834 2758 dehiscere,
861 2673 968 2749 nuda
984 2693 1065 2749 cun

130 2790 245 2845 carne
263 2769 408 2870 &pisce
433 2795 485 2846 ex
506 2771 601 2846 collo
628 2769 766 2872 (prout
788 2768 863 2867 ipso
889 2771 1066 2870 loquitor,

131 2872 183 2951 ad
218 2870 289 2947 sese
335 2874 582 2970 peccatricem
613 2872 864 2972 evulgandam
888 2870 933 2954 δι
964 2876 1065 2952 -miile

11 2997 18 3004 ⁴·
124 2974 337 3073 'opprobriis
374 2979 602 3051 onerandam
637 2977 675 3051 in
713 2974 861 3074 publica
901 2978 1066 3077 compita

129 3075 349 3173 procedere:
376 3091 486 3175 prout
509 3077 624 3176 reipsa
648 3077 697 3153 ad
723 3076 806 3152 suos
832 3076 1062 3168 familiares,

54 3250 56 3255 .
127 3177 311 3254 sexcentis
338 3179 459 3253 modis
484 3177 520 3254 se
544 3179 752 3269 infamans,
778 3177 1003 3278 hujusmodi
1020 3181 1064 3256 de
1106 3248 1109 3253 .

128 3276 166 3354 se
192 3279 410 3378 improperia
437 3279 584 3360 elocuta
608 3281 701 3357 fuit:
728 3281 807 3356 imo
832 3280 1061 3381 cupiebatab

66 3434 70 3444 ·
130 3379 216 3459 eliis
234 3379 324 3461 fone
348 3381 398 3460 ad
423 3381 562 3467 collum
582 3382 818 3486 affigatooer
827 3382 1061 3503 placeretn-
