2220 3870
120 98 247 263 ¹238.
284 138 356 241 Tr.
380 140 456 243 IV.
480 140 581 280 Cap.
618 52 745 239 XVI.
784 133 1035 270 Substantia,

149 335 223 414 que
249 312 451 412 usurpatur.
499 311 669 407 Cumque
688 309 792 389 casus
817 312 880 389 hic
893 334 1070 410 ‘praeom-

105 436 108 443 ’
149 419 261 495 nibus
281 415 366 493 aliis
396 400 580 491 scabrosus
602 412 668 501 srt,
698 413 820 489 eidem
844 414 1069 494 declarando
1092 513 1095 519 .

149 515 342 618 paululum
383 515 572 591 immorari
594 526 748 612 oportet.
801 515 956 593 Somnia
987 518 1070 618 jux·

151 633 193 696 ta
220 617 421 695 dosirinarn
443 614 642 716 Angesici(
663 642 698 701 2,
722 641 756 693 2.
772 631 979 713 quoosmrt.
995 622 1069 719 o.)

149 720 330 817 originem
359 716 461 793 suana
496 714 608 793 vela
642 715 769 793 caussis
799 718 957 795 internis
999 721 1067 799 ha·

147 822 259 908 bent,
293 816 333 898 δι
360 817 442 895 sunt
461 816 667 912 nattuasia3
701 818 762 895 vel
807 819 1006 897 nascuntur
1043 848 1067 900 a

149 918 278 1000 caussis
316 918 504 1009 externis,
538 917 578 997 ὅ(
603 931 694 996 tunc
727 932 794 997 aut
821 921 967 1012 diuina,
994 937 1067 1011 faut

133 1021 379 1121 'daemoniaca
406 1020 498 1099 sunt
527 1020 705 1098 -Somnia
731 1021 888 1098 interius
924 1024 1067 1103 excita·

148 1137 208 1215 ta,
232 1122 271 1202 &
304 1123 483 1220 originem
515 1119 617 1199 sunm
642 1122 692 1198 ad
711 1135 884 1200 naturam
905 1123 1067 1202 referen-

147 1227 256 1305 tiae
294 1223 553 1302 constitutione
590 1224 753 1324 corporis
793 1223 1066 1305 &humorum

147 1342 226 1406 tem
252 1327 328 1405 erie
365 1326 553 1402 oriuntur:
591 1323 656 1402 Sic
686 1324 875 1422 sanguinei
908 1341 1065 1419 canton,

148 1428 189 1509 ἀ
221 1351 350 1507 savos
377 1425 502 1515 sonos,
522 1448 689 1508 amaenos
712 1428 857 1517 hortos,
896 1426 939 1506 tic
969 1428 1065 1507 sum·

146 1530 251 1613 tunsa
286 1528 459 1609 convivia
478 1527 689 1625 frequenter
725 1526 904 1615 somniare
937 1528 1065 1631 solent.

146 1629 392 1729 Phlegrnatici
414 1629 653 1725 dormientes·
669 1628 763 1727 saepe
783 1631 880 1710 inter
903 1631 1063 1731 pluvias,

147 1733 325 1821 flumina,
350 1730 476 1821 lacus,
504 1726 761 1828 navigationes
785 1756 839 1810 ac
869 1732 1065 1832 naufragia

147 1831 346 1911 versantur.
392 1830 578 1909 cholerici
606 1856 682 1908 non
705 1853 789 1910 raro
801 1833 909 1911 rixas
927 1833 971 1933 sit
978 1854 1081 1913 con·'

146 1933 332 2015 tentiones
356 1933 539 2019 excitare,
557 1934 710 2009 vulnera
729 1933 905 2034 infligere,
922 1959 968 2025 ao
986 1936 1065 2015 san·

146 2035 299 2133 guinem
323 2031 478 2111 sundere
512 2031 577 2109 fibi
605 2036 788 2112 videntur.
847 2038 1066 2117 Melancho·

145 2134 209 2213 lici
231 2147 347 2213 tetras
375 2133 415 2212 &
444 2133 606 2211 funestas
630 2138 890 2228 tenebrarum,
918 2142 1063 2231 mortio,

103 2298 126 2333 χ
144 2236 412 2338 periculorum,
439 2236 478 2313 δι
501 2235 602 2313 misle
624 2236 908 2325 infortuniorum
925 2239 1064 2338 species

144 2337 336 2417 multoties
364 2338 404 2414 in
431 2335 622 2435 phantasia
655 2339 860 2417 revolvunt.
907 2340 973 2419 Ad
997 2368 1064 2425 ua·

144 2441 281 2519 toralia
315 2439 398 2541 haeo
416 2436 556 2516 somnia
582 2437 775 2517 formanda
794 2443 909 2533 etiam
925 2458 1063 2537 rerum,

143 2562 230 2639 quae
257 2540 497 2639 vigilantibus
536 2537 600 2617 sub
624 2538 744 2618 sensus
773 2545 928 2629 cedunt,
947 2542 1066 2640 speci-

144 2665 187 2718 es
217 2665 440 2741 magnopere
470 2658 712 2735 concurrunt:
731 2642 766 2729 ,sr
792 2644 1065 2744 praediiiaespe·

62 2814 70 2825 ,
145 2743 224 2820 cie's
248 2745 349 2821 enim
389 2743 622 2834 excitentur,
652 2746 784 2821 eadem
804 2745 926 2823 rursus
962 2750 1065 2847 obje-

143 2843 202 2923 sta
219 2844 500 2946 repraesentant
553 2845 619 2923 Illa
640 2858 768 2923 autem
786 2846 959 2936 *somnia‚
978 2869 1065 2945 quae

145 2960 268 3025 ortum
307 2947 413 3023 suum
442 2945 570 3022 caussis
609 2949 772 3023 externis
808 2950 964 3041 debent,
997 2965 1064 3029 aut

142 3045 395 3135 divinarunt,
429 3047 516 3143 quia
541 3069 606 3146 per
633 3049 874 3128 ministerium
914 3052 1065 3149 angelo⁴

108 3172 228 3233 -rum
260 3173 285 3228 a
311 3148 393 3225 Deo
421 3148 655 3227 excitantur:
704 3164 776 3245 aut·
809 3152 1061 3245 daemoniaca:

143 3250 308 3349 eoquod
341 3265 654 3330 commoveantur.
694 3276 718 3328 a
756 3254 954 3344 daemone,
1003 3256 1064 3353 qui

133 3350 362 3463 darmensis
410 3352 602 3471 cerebrum
666 3351 813 3437 subiens
851 3356 1064 3458 ¹specierum

247 3518 250 3529 .
914 3483 1020 3541 com·
