2220 3870
141 175 232 275 450
335 140 406 245 Tr.
440 137 490 245 V.
518 143 622 278 Cap.
643 139 720 244 X.
750 139 953 280 Moleste}

365 375 492 471 ca
532 357 724 479 our
793 379 853 474 x

143 591 450 706 Pertrat‘santur
463 586 782 692 extraordinaria
790 589 974 729 'molessiae
1003 609 1069 738 pi.

139 733 298 819 munds,
324 724 442 824 quibus
466 734 585 806 enimn
607 733 642 805 ln
663 730 819 826 modim
843 738 968 811 circum
981 735 1068 842 effin-

241 857 283 908 tre
306 832 442 906 demta
465 828 705 907 ndnmonibru
726 830 971 936 aggrefforr'bns

464 939 467 945 “
497 934 703 1032 affliguntur.
840 957 843 965 ’

143 1123 227 1205 108.
307 1114 322 1196 i
345 1139 493 1217 magnae
518 1111 600 1195 sunt
626 1118 810 1208 molestiae,
824 1119 963 1215 quibus
990 1145 1068 1202 cor·

332 1242 422 1320 pora
447 1219 680 1319 personarum
705 1219 969 1320 spiritualium,
988 1247 1067 1324 pen

176 1399 183 1407 ,
317 1323 446 1404 tinaci
470 1343 535 1419 per
560 1321 628 1397 Dei
652 1322 916 1419 permissionem
941 1328 968 1402 'a
991 1329 1064 1404 dae·

31 1420 39 1435 ’
101 1424 311 1519 ,monibus
330 1423 521 1516 obsidione
550 1422 845 1512 constristatum,
893 1426 1061 1525 affliguu·
1100 1468 1103 1479 ·

95 1526 99 1534 ’
136 1541 222 1616 tur,
247 1525 358 1622 longe
389 1524 547 1622 majores
571 1523 654 1602 sunt
675 1524 954 1617 tribulationes,
986 1529 1061 1626 qui·

138 1632 210 1711 bus
236 1649 365 1703 earum
397 1627 534 1702 animae
556 1626 834 1720 excruciantur;
861 1627 905 1704 iu
927 1630 1059 1711 harum

139 1731 241 1811 enim
278 1727 424 1802 ruinam
454 1749 584 1801 omnes
623 1727 835 1803 daemonum
873 1731 1059 1810 machina

135 1828 310 1931 primario
334 1827 561 1903 ordinantur.
606 1827 772 1917 Aliunde
806 1841 942 1908 notum
990 1832 1059 1924 est,

136 1933 178 2011 in
203 1931 275 2005 hac
301 1926 420 2009 nostra
445 1927 524 2005 vita
548 1926 711 2004 fidelium
722 1929 911 2007 nemiuem
925 1957 949 2010 a
962 1958 1060 2015 com·
1093 1896 1098 2077 Ι

135 2031 261 2113 munis
286 2028 429 2106 inimici
451 2028 719 2106 tentationibus
742 2031 892 2128 penitus
924 2034 1059 2115 immu·
1092 2084 1096 2105 ,

134 2153 223 2212 nem
248 2129 327 2207 esse.
374 2128 519 2209 Interea
544 2132 770 2207 tentationes
794 2156 945 2227 eurum,
967 2159 1058 2236 quoe
1091 2146 1096 2221 Ι

37 2229 40 2233 ’
133 2233 311 2337 peculiari
335 2231 458 2308 surore
482 2234 750 2330 oppugnandos
773 2231 838 2311 sibi
861 2239 1059 2336 proposuit,
1091 2244 1095 2293 ¹

134 2353 241 2414 extra
267 2356 415 2410 omnem
446 2334 614 2411 ordinem
639 2347 839 2430 vagantur,
863 2335 904 2415 δι
928 2362 980 2416 eo
1007 2337 1058 2420 ns·

132 2460 207 2538 que
231 2433 454 2523 increscunt,
479 2448 523 2511 ut
547 2434 746 2514 horrorem.
761 2439 990 2536 quandoque
1004 2441 1057 2519 in·

133 2539 289 2621 cutiant.
340 2537 404 2614 Sic
424 2537 526 2611 Deus
552 2535 773 2614 animassrbi
797 2537 952 2617 diletias
976 2565 1057 2644 pur·
1094 2542 1097 2583 ÷

131 2653 221 2736 gat,
246 2638 295 2715 stc
319 2661 384 2714 eas
404 2635 568 2735 perficit,
592 2636 639 2713 src
668 2640 716 2715 ad
741 2636 1056 2725 conscendendam

132 2740 272 2823 divinae
315 2737 638 2837 contemplationis
675 2737 913 2818 altitudinem
952 2761 1057 2846 aptot

24 2911 26 2915 ,
131 2863 197 2916 eas
221 2840 353 2915 reddit.
405 2840 502 2917 Cum
526 2862 616 2917 vero
640 2863 770 2916 omnes
802 2849 1056 2928 extraordinn·

129 2943 227 3029 rias,
253 2940 387 3037 quibus
408 2943 544 3016 animae
567 2941 629 3018 hae
658 2941 897 3139 cipumsessae
927 2945 1055 3049 impeti
1095 2932 1099 2997 ¹

1094 1858 1099 1875 l

131 3041 273 3130 solent,
298 3041 525 3118 tentationes
548 3042 734 3119 recensee
757 3068 834 3121 non
857 3048 990 3128 minin
1003 3069 1055 3129 ur·

43 3203 46 3209 .
71 3231 74 3242 „
128 3144 270 3231 duum,
303 3162 416 3236 quam
440 3142 631 3221 taediosum
656 3141 1055 3238 fdnet3hincnonuul·

103 3244 211 3337 lis,
234 3244 355 3340 iisque
372 3241 582 3341 speciatim,
609 3267 693 3342 quae
705 3232 952 3343 nequentius
997 3272 1053 3329 ao·

98 3347 253 3434 *nidere
287 3344 425 3438 solent,
457 3347 619 3427 breuiter
643 3349 824 3428 enarratis
854 3363 1054 3433 contentu

272 3500 275 3505 ·
729 3499 734 3510 ·
831 3477 846 3525 ἶ
925 3476 1017 3537 01αὲ

1092 3656 1104 3811 l
