2220 3870
216 224 224 239 ·
316 164 734 306 pererraturum
803 206 818 287 χ
927 192 1017 269 aot

109 352 189 425 tur,
210 337 422 433 locutiones.
431 340 608 437 angelicis
633 336 879 415 locutionibus
905 356 1020 437 quam

110 438 305 513 limillimae
340 439 439 515 lunt:
470 440 511 519 dc
546 464 596 515 ex.
628 440 700 515 his-
723 441 898 528 modum,
945 458 1019 535 quo

109 538 185 617 illae
217 537 439 629 formantur,
472 542 579 618 facile
601 541 652 617 est
682 541 872 625 deducere.
920 538 1021 629 Qua·

110 654 258 749 progter
279 640 306 735 si,
327 643 428 718 Deus
447 657 513 720 aut
541 643 740 737 Redemtor
763 640 1023 739 nosterquem·

106 744 194 819 darn
210 739 353 819 suornm
370 743 553 821 servorum
578 746 649 822 hac
659 744 725 835 ,ad
741 764 851 839 quam
866 765 935 818 nec
953 764 1025 847 exq

105 843 222 930 terni,
239 867 308 918 nec
321 842 454 921 interni
479 844 597 935 sensus
611 857 850 933 concurrunt,
862 842 1024 933 locutio*

105 966 198 1019 num
208 942 323 1043 specie
332 945 466 1042 alloqui
478 1004 488 1028 .
499 946 536 1023 u
550 947 725 1023 secretum
735 944 883 1040 aliquod
890 958 957 1021 aut
976 966 1022 1021 a·

106 1042 199 1121 liam
211 1047 404 1123 veritatem
419 1049 539 1129 eidem
548 1049 754 1147 patefacere
763 1043 1019 1132 velit,intelle·

106 1142 181 1221 dui
206 1145 306 1224 illius
333 1146 554 1246 spiritualem
568 1149 729 1228 infundit
754 1144 1020 1245 speciemque

103 1268 181 1323 non
203 1248 315 1325 modo
351 1248 461 1347 ipsius
499 1266 716 1349 conceptum
762 1244 1014 1345 repraesentat,

103 1344 167 1423 sed
195 1346 234 1423 dr
271 1348 311 1447 in
347 1350 421 1446 ipso
456 1365 650 1449 conceptu.
667 1349 803 1429 nitrum
825 1345 1022 1445 ¹secretum¹

104 1461 172 1523 aut
214 1448 408 1525 veritatem
453 1452 668 1529 manifestat
739 1450 842 1527 'lunc
888 1446 1015 1525 anima

102 1547 276 1646 simplicis
312 1552 565 1647 intelligentiae
594 1554 677 1631 adu
712 1552 753 1628 in
799 1548 881 1625 Deo
911 1548 1021 1649 hunc,

102 1649 270 1747 ejusdem
299 1669 534 1750 conceptum,
572 1654 611 1731 dr
639 1656 680 1730 iu
713 1650 788 1751 ipso
818 1650 890 1727 hoc
922 1672 1012 1749 con·

102 1764 213 1848 coptu
245 1751 359 1829 etiam
394 1754 586 1831 veritatem
615 1752 680 1833 srbi
713 1779 737 1832 a
780 1754 860 1829 Deo
906 1772 1012 1830 reve-

101 1851 253 1929 landam
271 1912 274 1917 .
289 1854 482 1951 cognoscit.
534 1858 584 1933 Et
618 1856 690 1935 hac
726 1857 869 1933 ratione
906 1852 1017 1951 Deua¹

100 1954 240 2029 animae
276 1954 456 2051 loquitur,
494 1968 658 2035 mentem
691 1956 791 2035 suam
819 1956 940 2031 eidem
970 1977 1013 2029 a«

99 2053 295 2152 periendo:
328 2058 454 2135 anima
486 2074 613 2136 autem
637 2059 786 2137 viciffim
814 2058 933 2133 Deum
944 2079 1020 2145 au·¹

97 2156 250 2244 scultat,
290 2157 525 2237 intelleduali
559 2161 621 2237 suo
653 2161 730 2237 visu
764 2159 900 2235 mentis
928 2156 1010 2255 ejus

97 2280 235 2333 arcana
264 2263 500 2363 penetrando.
549 2263 718 2356 Cumque
759 2262 841 2336 haec
882 2259 1009 2335 omnia

96 2357 231 2452 absque
272 2358 347 2434 ullo
379 2360 577 2457 phantafiae
617 2361 790 2439 concursu
835 2359 1009 2433 eveniant

95 2457 115 2558 (
149 2471 257 2556 prout
288 2483 399 2536 nemo
434 2487 507 2537 non
548 2463 674 2551 videt,
708 2488 752 2540 ac
780 2459 875 2537 infra
917 2458 1019 2547 uben

92 2561 175 2635 rius
210 2560 454 2637 declarabitur
483 2567 501 2657 )
536 2562 623 2639 hinc
648 2563 732 2639 haec
763 2562 832 2641 Dei
856 2556 1055 2655 locutio]

94 2658 136 2737 dt
181 2660 264 2736 haec
312 2663 447 2739 animae
488 2664 703 2753 auscultatio
736 2687 836 2741 merc
863 2660 1016 2738 intellc·.

95 2759 234 2835 duales
261 2761 441 2841 dicuntur.
490 2766 532 2840 Si
564 2767 688 2843 anima
733 2767 818 2841 dein
866 2759 1017 2842 auscul-.

92 2862 200 2937 tandi
233 2876 396 2959 tempore
423 2864 654 2963 respondere,
686 2866 724 2942 dt
755 2863 1006 2943 Deumrallo·

94 2962 161 3057 qui
200 2963 309 3050 velit,
350 2967 534 3061 cogitatus
578 2968 617 3045 dr
652 2965 801 3045 affetlus
839 2964 922 3041 suos
953 2964 1020 3041 ad>

92 3087 182 3139 eum
213 3063 357 3159 dirigit:
391 3066 430 3143 dr
457 3066 545 3142 licet
570 3091 635 3145 eos
662 3070 772 3157 ,Dens
796 3093 844 3144 ex
869 3079 1002 3157 natura

89 3165 163 3242 sua
177 3164 370 3241 necellario
397 3168 540 3256 videat,
559 3171 606 3245 ob
619 3170 851 3246 diredtionem
869 3166 1003 3242 nihilo·

89 3266 216 3344 minus
252 3266 297 3343 ab
321 3267 446 3344 anima
469 3272 516 3346 ad
539 3266 574 3343 se
596 3268 729 3349 fatiam
752 3269 924 3364 intelligit
938 3287 1006 3357 eos

88 3383 269 3464 tanquam
287 3369 398 3445 verba
411 3368 614 3463 animae,&
643 3371 718 3471 ipsa
741 3364 947 3455 animasele
975 3387 1002 3445 a

85 3468 167 3549 Deo
179 3468 337 3571 intelligi
351 3471 544 3569 cognoscit
610 3470 697 3571 Ns
862 3490 948 3571 ¹17·
