2100 3870
188 208 384 315 corporea
379 174 478 309 finis
483 246 502 299 ‚
530 199 593 289 θ’
606 173 767 281 indicia.
908 209 966 307 41

73 348 122 426 ‚ela
174 348 219 427 in
252 347 427 441 omnibus
455 347 557 437 aliis,
592 369 687 445 quas
721 348 793 425 hoc
835 350 968 431 traffl.

73 476 95 525 u
127 449 437 532 dilucidabimus,
471 449 802 548 supernaturalibus
837 454 969 547 gratiis

73 551 280 629 lirettorem
313 551 509 649 procedere
534 564 695 648 oportet,
721 575 808 627 cum
832 554 871 629 iii
891 578 972 634 om·

73 676 115 729 ies
134 652 292 730 eaedem
320 650 469 751 fraudes
496 652 652 750 irrepere
675 652 813 752 possint.

73 876 112 953 ip.
227 854 339 931 uinto
363 853 528 932 Visiones
553 850 634 955 Jesu
661 852 812 943 Christi,
837 856 968 937 Maria

255 954 438 1053 Virginis,
466 955 504 1033 dt
524 954 724 1035 sannorum
740 953 878 1053 semper
885 956 968 1037 sunt

73 1052 317 1133 leceutislimae
348 1059 429 1147 ita,
458 1069 501 1135 ut
528 1056 648 1133 nescio
686 1058 774 1153 quid
807 1058 968 1151 caeleste,

73 1175 100 1231 ic
119 1156 312 1246 divInum,
342 1160 439 1255 quod
464 1156 671 1256 aspicientis
698 1158 824 1235 animo
836 1160 966 1241 nitidae

121 1257 226 1336 ‘tatis
261 1256 364 1336 sensa
401 1258 569 1347 instillat,
606 1255 646 1337 dt
679 1257 806 1346 vultu,
834 1258 873 1337 &
904 1284 969 1357 ge·

91 1356 99 1369 '
187 1355 440 1459 praeseferant.
492 1361 592 1438 Dum
627 1359 764 1436 diaboli
795 1360 969 1460 apparitb

74 1478 201 1537 mex
215 1459 379 1559 oppsito,
395 1461 482 1539 licet
509 1460 658 1549 Christi,
676 1473 742 1536 aut
768 1458 969 1539 santtoruiii

88 1552 149 1651 siu
169 1561 334 1659 speciem
352 1561 609 1663 repraesentent
640 1560 788 1663 (Deo,
816 1577 859 1637 ut
890 1561 969 1649 aiiii,

96 1672 148 1733 ue
162 1661 330 1739 laudem
348 1662 520 1761 detegere
542 1662 686 1764 possint,
707 1662 760 1739 ita
779 1660 970 1761 disponen-

96 1760 147 1854 t)
162 1760 303 1861 semper
331 1765 530 1860 quidquam
557 1762 784 1862 incompositi
804 1764 970 1841 involve·

90 1861 179 1945 ¹02&
210 1862 404 1962 speciatim
430 1865 489 1965 vel
516 1868 557 1941 iu
588 1865 726 1954 fronte,
758 1864 817 1941 vel
841 1866 968 1942 inma-

91 1959 185 2055 ibis,
216 1965 282 2041 vel
312 1965 353 2041 iii
396 1968 550 2065 pedibus
588 1968 772 2064 quoddam
811 1964 970 2047 feritatis

92 2054 198 2157 sgnum
224 2066 425 2144 monstrare·
452 2066 576 2144 solent.
614 2067 971 2164 ¹Delestatio,quam

93 2168 284 2257 annunt,
316 2158 432 2244 sitite
456 2169 683 2257 observetur,
703 2191 850 2245 carnem
880 2191 971 2265 quo·

94 2260 259 2344 donodo
296 2270 454 2359 redolet,
484 2268 524 2347 dr
559 2291 681 2358 amor,
714 2293 824 2365 quem
858 2270 971 2346 instil-

97 2358 162 2457 bit,
186 2394 260 2447 non
286 2371 437 2447 omnino
457 2394 570 2468 purus
602 2370 664 2447 est.
716 2371 773 2447 lta
787 2370 971 2469 seraphion

100 2482 181 2545 uter
204 2471 252 2547 de
273 2471 335 2547 his
359 2470 555 2549 visionibus
576 2472 731 2569 loquens
750 2472 877 2551 docet:
903 2470 971 2575 Qui

99 2584 216 2646 unna
248 2569 396 2647 Domino
426 2575 575 2673 vistonun
597 2570 769 2661 badenim
794 2572 832 2648 id
856 2576 970 2674 statim

102 2666 225 2779 sunto:
262 2676 342 2769 quia
364 2676 422 2772 etst
452 2699 524 2749 cum
546 2672 779 2768 constrictione,
811 2670 854 2749 ss
877 2678 972 2776 gustu

100 2774 214 2871 adn,
249 2775 359 2848 anima
389 2773 596 2849 nihilominus
624 2775 756 2850 runca
790 2773 833 2873 se
856 2779 971 2873 rejicit:

100 2862 123 2943 s
135 2900 196 2951 iiico
226 2878 375 2973 opinione
398 2879 508 2976 gustus
531 2873 584 2951 liic
606 2874 697 2951 debet
718 2877 816 2950 etium
840 2872 896 2975 effe
921 2878 975 2954 di·-

102 2972 172 3072 tisis
194 2979 265 3064 itu,
290 2990 328 3051 iit
350 2980 426 3093 casti
448 2974 490 3052 fs
511 2979 591 3075 pari
614 2979 733 3053 amoris
757 2977 878 3051 indicio
908 3003 973 3053 nou

101 3077 219 3249 §deux
252 3079 337 3153 uode
372 3102 407 3151 m
439 3075 528 3155 brevi
551 3078 704 3179 ostendit,
735 3079 883 3174 quisnam
912 3083 972 3180 fit.

115 3200 200 3257 trum
229 3179 376 3281 pressius
407 3180 529 3258 adhuc
551 3180 623 3256 hac
644 3178 747 3277 super
778 3202 818 3253 re
845 3180 882 3255 S.
898 3180 976 3257 Bo·

96 3296 266 3359 trientum
305 3280 557 3357 ratiocinatur.
607 3277 688 3355 Non
713 3279 843 3355 videtur
886 3302 976 3376 pru·

96 3376 329 3473 mmmm,
360 3379 621 3561 quodcqiiidnm.
637 3379 759 3483 decepti
782 3403 806 3455 o
827 3376 977 3496 sedatio·

485 3502 520 3589 ,ς
871 3504 934 3564 rin
