2220 3870
118 164 208 281 ¹7⁶
243 148 309 251 u.
339 148 414 248 ιν.
434 146 538 286 οφ·
571 145 711 243 >cnr
725 148 799 243 oe
827 145 1027 243 anmi

46 336 52 342 '
112 318 236 412 stant,
276 319 417 418 signum
454 319 547 407 erit,
573 319 718 415 quoda
743 315 866 413 spiritu
900 317 1030 397 diuino

58 512 61 519 ¹
89 421 403 529 xproficiscantur:
427 443 512 496 cum
540 421 577 495 hi
602 414 826 496 cnaiaueres
850 415 904 493 illi
936 418 1026 511 smt,

112 526 247 621 quibus
288 520 512 607 visitationes
552 522 698 596 Domini
734 542 922 614 nunquam
944 546 1026 599 nou

48 660 53 668 ·
111 624 255 724 stipata
279 623 451 699 advenire
477 620 617 698 solent
650 622 691 697 Si
716 622 805 696 talia
832 627 1026 701 verba-au·

43 740 47 745 ’
112 736 192 803 tem
216 727 262 803 ab
288 723 490 799 intellettus
514 724 711 798 vivacitate
736 721 1023 820 resultentprae·

43 860 47 867 ·
112 826 249 903 ditium
273 847 435 901 amorem
459 824 578 900 secum
601 825 700 899 haud
724 822 868 911 sarmitr
890 825 951 901 sed
972 825 1023 903 ad

113 926 294 1005 summum
318 940 457 1002 certum
483 948 647 1001 amorem
673 925 896 1014 naturalem,
930 949 1022 1001 neu·

39 1042 46 1052 “
110 1027 254 1123 tiquam
280 1040 405 1104 tamen
431 1028 523 1103 adeo
546 1028 737 1108 intimum,
771 1026 865 1107 adeo
899 1026 1023 1103 humi·

40 1147 43 1153 '
109 1128 316 1215 lem‚adeo
327 1127 593 1224 obsequiosum:
620 1126 658 1204 ἃ
681 1129 833 1203 tandem
856 1129 1022 1207 animaru

106 1250 232 1327 meque
246 1230 294 1307 ad
303 1231 451 1316 bonum,
462 1229 637 1325 nequead
647 1230 1020 1317 malaminclinatam.

37 1344 43 1353 '
106 1330 186 1411 fine
220 1332 335 1407 multa
372 1331 561 1421 vanitate,
595 1330 654 1407 sed
679 1329 752 1406 line
768 1330 884 1407 omni-
904 1332 1020 1413 etiam

108 1433 342 1523 humilitate,
378 1432 452 1509 sine
483 1434 722 1510 incitamento
747 1432 796 1508 ad
815 1431 1019 1521 ‘virtutem

58 1580 62 1591 =
106 1533 169 1613 sed
204 1533 275 1608 sine
313 1534 387 1611 ulla
422 1535 534 1611 etiarn
559 1535 641 1609 vitii
664 1533 887 1630 suggestione
917 1545 1031 1609 nerto,

106 1633 510 1720 modo'indifferentam
544 1636 785 1732 relinquent:¹
806 1656 890 1709 com
917 1634 1019 1713 enim

106 1734 253 1824 lausia,
277 1762 304 1813 a·
324 1756 396 1832 qua
419 1737 514 1813 talia
530 1739 642 1813 verba
667 1746 939 1835 promanarunt,
951 1758 1019 1811 na·

105 1836 237 1915 unalis
262 1848 306 1913 a'c
330 1835 539 1913 indifferens
564 1837 698 1926 suerit,
737 1839 852 1914 etiam
883 1836 1019 1913 horum

108 1935 257 2015 affatim
282 1936 530 2015 indifferentes
555 1937 624 2014 effe
656 1952 810 2038 oportet.
850 1936 1017 2015 Tandem

18 2046 34 2109 l
100 2037 134 2116 'fr
161 2041 272 2115 verba
295 2058 325 2116 a·
355 2040 531 2115 Daemooe
556 2038 656 2116 suam
691 2040 869 2138 originem
893 2050 1017 2115 traxe·-

100 2152 211 2224 mot,
233 2140 395 2216 animam
420 2162 547 2240 parum
573 2142 755 2238 quietam,
790 2154 910 2218 totam
944 2137 1018 2216 ari·

105 2241 193 2318 dam
207 2245 221 2330 ,’
249 2240 290 2318 tr
320 2244 369 2317 ad
404 2243 539 2318 bonum
577 2243 786 2319 nullatenus
810 2237 1016 2338 dispositam

99 2343 310 2439 *relinquere
343 2344 537 2419 debebunt.
602 2345 710 2420 Certe
743 2366 835 2420 eam-
860 2363 1018 2442 propon-

105 2442 183 2520 sam
208 2446 361 2520 reddent
385 2445 433 2520 ad
457 2445 670 2531 vanitatem,
697 2446 744 2520 ad
762 2442 826 2520 fibi
851 2442 1015 2540 compla-

105 2546 283 2633 cendum,
305 2548 352 2620 ad
378 2545 540 2644 seipsam
564 2567 669 2642 aeque
694 2565 738 2623 ac
749 2544 905 2632 satureo,
919 2561 1014 2639 quoa

104 2642 270 2742 recepisse
295 2644 358 2721 srbi
384 2647 545 2735 videtur,
569 2648 692 2743 magni
718 2647 924 2723 faciendos:
970 2642 1016 2719 si·
1056 2686 1060 2693 ·

24 2772 27 2779 ·
100 2745 250 2925 guidem
282 2746 442 2824 daemonl
481 2749 620 2846 sempor
655 2749 695 2823 in
720 2770 821 2825 more
856 2742 1014 2844 positum

24 2880 29 2893 ·
100 2847 176 2922 -uit
200 2869 372 2943 magnam
397 2847 601 2927 illusionum
628 2848 784 2925 suarum·
799 2846 1014 2923 existimati·

19 2974 29 2997 ··
91 2970 212 3024 onem
244 2948 413 3026 instillare
452 2973 537 3025 eum
569 2951 682 3025 etiam
718 2950 755 3025 io
794 2948 932 3036 finem,
969 2958 1015 3025 ot

20 3066 25 3075 '
88 3047 231 3126 misera
254 3052 378 3126 anima
404 3051 452 3126 ad
478 3051 547 3127 sese
586 3054 706 3127 denuo
725 3049 1014 3147 illaqueandum

18 3170 23 3177 '
99 3174 147 3229 eo
183 3150 328 3227 facilius
367 3152 503 3229 redeat.
567 3153 718 3241 Paucis,
739 3150 1014 3229 arianonorum

19 3280 22 3285 ·
84 3250 172 3330 isuis
196 3252 331 3329 caullis-
346 3252 483 3351 seraper
532 3253 777 3353 roportionem
799 3254 936 3329 habere
949 3253 1013 3328 do-

82 3355 184 3437 ’ΝΜ
219 3355 292 3450 lta,
339 3366 404 3447 uti
431 3275 654 3446 ssffflgnstaa·
683 3369 752 3437 aut
772 3351 1012 3537 ifldiffflgnr

135 3467 194 3531 ⁸'iii
207 3472 254 3519 sn.
892 3480 917 3534 g
