2220 3870
165 147 367 291 ,medinm
401 147 552 301 obseffio
586 150 776 258 demonis.
922 185 1004 283 399

89 329 217 410 anima
242 327 469 403 mentionem
492 325 1006 424 injicerentuerimloeutua

88 433 179 530 quia
211 428 364 528 spiritus.
381 427 577 504 infernales
601 430 718 506 ullum
740 431 781 507 in
805 431 904 508 hanc
941 433 1010 508 do«

88 532 250 612 minium
288 550 408 625 neque
444 529 601 618 habent,
625 553 745 628 neque
769 532 905 609 habere
927 530 1008 630 pos·

87 634 192 723 sunt,
218 654 269 708 ne
289 631 330 707 in
355 631 403 707 iis
428 631 577 727 quidem
601 631 759 724 casibus,
785 634 919 730 quibus
932 633 1008 711 illis

87 735 216 814 omnis
242 733 282 808 in
317 733 392 808 vile
418 755 549 831 corpus
579 732 737 832 potestas
762 735 1004 812 conceditur:

88 838 170 917 imo
205 858 252 910 ne
284 833 427 932 ingredi
462 834 610 929 quidem
640 835 820 914 inmediote
863 834 1008 934 poliunt

89 934 293 1017 rationales
317 933 530 1032 hujusmodi
555 936 763 1022 animarum
797 939 1007 1036 potentias,

89 1054 136 1116 ut
161 1035 454 1138 perturbationes
479 1037 570 1127 inibi
609 1040 793 1116 excitent:
813 1062 915 1116 oum
946 1039 1009 1117 hae

91 1137 308 1240 paenetralia
334 1138 402 1212 lint
428 1136 566 1236 semper
598 1138 737 1228 clausa,
762 1137 802 1216 δι
827 1163 903 1216 non
927 1144 1035 1217 mo-'
1086 1206 1088 1211 .

71 1241 142 1320 ‘do
167 1239 407 1316 infernalibus
443 1237 645 1337 spiritibus,
679 1240 741 1318 sed
777 1238 862 1338 ipsrs
893 1242 1010 1319 etiam

89 1341 176 1421 oaeli
200 1340 342 1436 angelis
366 1337 554 1417 inacceiia.
605 1343 691 1417 Dixi
716 1355 845 1420 tamen
867 1343 1012 1435 anmeda

88 1455 165 1532 ate,
192 1440 477 1538 fignificaturus,
500 1443 713 1538 quodlicet
737 1444 886 1519 daemon
908 1441 1011 1541 spiri·

88 1543 256 1622 tualibus
297 1565 627 1638 energumenorum
664 1544 842 1643 potentiis
875 1545 1010 1643 pedem

88 1644 294 1726 immittere
320 1657 500 1740 nequeat,
524 1668 591 1720 eas
615 1659 742 1723 tamen
768 1646 1014 1745 perphauta·

90 1747 184 1826 stam
204 1745 263 1822 vel
289 1747 441 1821 omnino
468 1746 668 1844 impedire,
702 1748 762 1823 vel
795 1747 851 1823 ita
877 1746 1014 1824 altera·
1102 1813 1108 1823 ,

89 1871 133 1928 re
167 1845 287 1948 poffit,
312 1857 356 1922 ut
380 1867 467 1923 cum
496 1846 667 1927 libertate
701 1848 743 1928 in
772 1847 847 1926 suis
871 1847 1013 1929 auibus

89 1974 167 2031 non
188 1948 401 2050 procedant.
623 1971 626 1975 ’
864 2004 867 2009 ·

91 2162 156 2244 ⁶⁸·
172 2152 354 2331 Nur
369 2150 682 2329 ”ulitur
706 2149 913 2330 illidi
941 2178 1013 2333 'li'

89 2355 185 2455 quin
210 2354 256 2433 ab
293 2276 534 2452 ima’gidrativa
561 2277 726 2451 putendi}
759 2356 935 2451 pendeat,
969 2312 1012 2430 o:

88 2456 220 2560 perari.
239 2473 410 2553 nequeat.
462 2457 690 2553 Quapropter
714 2453 739 2528 sr
764 2455 846 2530 haec
872 2456 1014 2533 velim-

88 2559 220 2661 pedita
259 2557 321 2646 fit,
355 2571 397 2635 ut
426 2555 465 2631 in
497 2556 780 2644 dormientibus,
808 2556 847 2630 in
878 2559 1013 2652 quibus

89 2659 261 2763 potentia
286 2659 368 2735 haec
393 2656 507 2756 sopita
532 2656 603 2748 est,
628 2658 793 2734 accidit:
827 2656 888 2734 vel
919 2656 1013 2735 alte·

90 2775 177 2840 rata
215 2784 261 2836 ac
300 2776 491 2858 cormpta,
529 2774 572 2837 ut
597 2761 637 2835 in
666 2759 785 2834 stultis
810 2760 1012 2858 contingit:

90 2861 156 2940 vel
178 2860 327 2959 penitus
354 2865 501 2937 turbata
511 2844 544 2950 ,s
548 2874 591 2937 ut
626 2861 667 2936 in
692 2861 802 2935 ebriis
829 2858 868 2938 dr
899 2860 1015 2951 furio·

91 2962 142 3044 srs
168 2962 315 3041 evenit:
343 2961 550 3038 intelleitus
576 2960 779 3059 spirituales
805 2961 886 3036 suos
911 2966 1015 3042 attus

91 3091 171 3144 non
192 3062 351 3162 amplius
376 3061 493 3161 potest
518 3063 738 3162 producere,
752 3057 791 3138 dr
814 3065 912 3157 quod
928 3087 1017 3142 con·

91 3166 276 3262 sequitur,
301 3184 421 3259 neque
445 3163 620 3242 voluntas
646 3164 748 3242 attus
773 3161 1016 3246 suosuberoa

91 3268 175 3371 Jam
197 3265 289 3342 srout
312 3267 462 3340 daemon
487 3266 637 3361 plenam
661 3265 882 3364 phantaliae,
909 3280 1016 3362 utpo-

88 3381 135 3451 te
176 3366 357 3473 potentiae
389 3387 576 3470 torporem
608 3365 856 3473 potietuonem
875 3366 1017 3557 hzbet,
