2220 3870
83 145 171 257 456
277 126 346 230 Tr.
374 139 427 232 V.
459 134 559 269 Cap.
594 114 660 226 X
698 92 899 261 Molejiiae
954 72 960 78 Ι

31 306 34 311 “
87 302 188 400 quod
218 326 266 376 ex
290 326 335 377 eo
357 302 540 398 arguitur,
563 302 660 397 quod
685 299 846 389 feroceS,
869 298 1010 401 quibua

84 403 122 480 se
144 401 203 477 vel
236 403 421 490 occidere,
445 402 595 478 velasio
615 405 719 496 gravi
739 402 838 478 malo
863 402 1011 479 afficere

89 503 414 591 machinabantur,
438 505 540 581 attus
559 525 748 599 nunqnam
774 503 1008 601 compleant,

86 604 151 682 sed
175 606 213 680 in
245 603 320 703 ipso
349 605 578 682 executionis
598 604 680 681 ablu
706 602 835 713 qualre
857 605 1010 703 prosun-

27 780 30 785 .
90 706 142 783 do
171 703 299 781 somno
334 706 529 803 evigilent,
561 705 610 783 ad
639 704 675 783 se
707 706 804 801 ipsas
833 708 1009 799 redeant,

90 831 115 886 a
144 806 243 882 malo
267 806 414 905 incepto
434 807 621 898 desrstant,
646 809 692 882 de
714 806 928 889 furibundis
942 804 1010 883 suis

92 907 291 983 excellrbus
317 908 486 995 doleant,
521 932 566 985 ac
598 909 772 1007 scrupulis
810 921 1008 1004 angantur.

90 1007 325 1086 Manifestum
352 1009 530 1085 hooenim
547 1008 725 1086 indicium
749 1007 1010 1104 est,qnodan·

90 1120 153 1186 tea
179 1109 287 1208 plena
309 1109 434 1188 saltem
452 1111 662 1206 cognitione
690 1111 738 1187 ad
762 1111 820 1199 id,
842 1112 948 1206 quod
961 1107 1013 1184 sa·

90 1211 258 1299 ciebant,
283 1236 357 1287 non
385 1213 632 1304 adverterint;
670 1234 756 1306 curn
780 1212 829 1286 ad
854 1211 1011 1310 primam

92 1312 241 1390 reflexae
255 1313 490 1409 cogitationis
519 1314 641 1391 lucem
670 1335 786 1412 ocyus
821 1310 859 1407 se
892 1313 1013 1394 resrae·

91 1427 196 1491 nent,
244 1413 353 1491 Hanc
375 1439 445 1512 ego
472 1427 515 1492 ut
542 1439 656 1490 unam
695 1438 742 1490 ex
768 1412 1013 1510 periculosissi-

95 1515 193 1604 mis,
220 1538 313 1612 quas
334 1517 457 1594 anima
483 1517 524 1591 in
552 1515 722 1594 infernali
750 1513 822 1590 hac
859 1515 1013 1591 obsidio·

94 1640 145 1692 ne
176 1615 350 1705 sustinet,
408 1617 674 1696 tentationibus
710 1615 880 1715 suspicio;
931 1630 1013 1694 cum

81 1718 246 1793 'omnem
273 1717 486 1814 desperandi
511 1732 576 1796 ant
601 1717 788 1794 diffidendi
809 1714 945 1794 saltem
960 1740 1012 1794 ra·

84 1817 237 1894 tionem
266 1817 384 1897 adesse
426 1819 479 1896 illi
515 1819 655 1897 clarum
686 1818 1012 1897 videaturtumer

91 1916 320 2014 suggestione
350 1920 531 2012 daemonis
548 1944 658 2016 quam
674 1916 917 2007 vivacissima,
935 1935 1012 1998 tum

95 2043 145 2096 ex
158 2020 425 2110 oerelitbone,
465 2043 576 2116 quarn
599 2021 675 2118 ipsa
698 2018 910 2117 experitur:
930 2021 1013 2121 qui·

86 2121 164 2201 bus
191 2121 218 2198 st
246 2123 514 2211 vehementes,
546 2123 678 2218 quibus
698 2121 855 2198 interius
877 2145 903 2200 a
941 2126 1012 2200 daa-

93 2234 205 2301 mone
224 2237 395 2321 urgetur,
415 2223 589 2322 impulsus
607 2223 1014 2322 supperaddantur,mi·

94 2324 192 2402 sellav
209 2325 328 2403 nescio
350 2325 439 2422 quid
467 2325 654 2404 violentiae
682 2324 760 2422 pati
779 2323 926 2421 incipit.
958 2328 1013 2404 In·

94 2439 196 2505 terea
217 2442 343 2505 tamen
357 2450 421 2526 per
429 2426 611 2504 recursum
628 2427 676 2503 ad
696 2425 839 2514 Deum,
855 2427 1014 2520 quieam

90 2527 136 2619 ¹in
163 2530 300 2608 talibus
331 2529 506 2624 angustiis
532 2528 748 2624 nentiquam
781 2527 1015 2625 derelinque.

94 2652 136 2706 ne
167 2631 304 2726 potest,
326 2630 399 2707 sese
427 2630 757 2728 debet'adjnvare,
778 2626 1014 2726 &perarua

93 2726 190 2828 spei,
218 2756 293 2809 non
326 2733 475 2828 quidem
503 2729 681 2808 sensibiles
705 2729 724 2828 (
746 2727 815 2804 hos
831 2729 939 2814 euim
953 2756 1015 2832 pro

92 2839 259 2926 ternpore
289 2832 353 2909 illo
377 2854 617 2928 nequaquam
653 2831 789 2929 poterit
833 2830 973 2910 elicere
988 2829 1014 2933 .)

91 2928 156 3010 sed
178 2929 289 3012 siccos
317 2933 357 3013 ἂ
381 2932 601 3013 insenfibiles
636 2934 746 3009 debet
776 2932 867 3030 Deo·
877 2933 1014 3023 dicere,

91 3034 192 3134 quod
218 3034 348 3134 inipso
379 3035 469 3114 velit
495 3035 657 3133 sperare,
692 3055 869 3128 magnam
884 3049 1014 3113 autern

90 3131 307 3215 diffidentiae
332 3138 502 3236 injuriam
526 3135 713 3214 immensae
740 3134 820 3231 ejus
852 3135 1014 3215 bonitati

88 3233 253 3332 irrogare
275 3239 401 3316 nolit:
434 3239 544 3315 debet
570 3237 701 3336 saepius
730 3248 900 3334 repetere
933 3260 1013 3314 ver·

88 3335 139 3425 ba
169 3338 237 3425 illa
256 3339 370 3443 lobi:
405 3338 552 3449 fitiamst
573 3339 724 3443 occideris
740 3360 817 3445 mg,
840 3336 1014 3516 integat·

238 3492 243 3507 .
599 3483 606 3525 2
631 3512 649 3529 ,
893 3464 930 3517 s
