2220 3870
110 80 250 283 ιιςοξ
339 142 407 240 a.
424 108 601 278 neap.
627 139 773 254 >ran
788 72 907 237 Aa

146 292 287 394 annm
307 315 354 390 rn·
373 313 498 392 anima
523 312 709 407 quoddam
739 311 811 386 aa
837 311 1073 402 aenaenum,

147 418 248 516 quad
277 416 353 514 ipsa
381 415 544 510 ignorat,
570 414 669 489 unde
686 415 907 512 proveniat,
936 418 1073 515 eoquod

145 519 307 598 infusum
340 516 409 604 srt,
446 515 485 594 dr
515 539 538 590 a
579 515 680 593 nulla
711 515 877 593 hominis
900 515 1073 594 industria

144 622 317 721 pendeat:
370 614 596 694 Desideri‘um
620 617 698 694 hoc
731 636 826 693 non·
847 622 967 696 modo
1002 620 1073 695 ani·

143 746 248 800 mam
268 719 425 819 suprase
448 718 562 817 ipsam
592 717 632 797 dc
654 718 758 819 super
787 721 921 798 omnia
954 734 1071 799 creata

142 835 316 924 potenter
333 824 472 908 elevat,
500 821 560 895 sed
577 819 616 897 &
632 821 672 901 iu
692 820 791 899 vasta
812 824 986 918 quadam
997 823 1071 899 soli·

77 1008 83 1026 Ι
141 926 274 1003 tudine
290 923 454 1023 reponit,
480 923 611 1020 inqua
630 922 750 1023 tulius*
762 937 952 1004 creaturae
970 925 1072 1001 socie·

144 1039 265 1106 tatem
292 1048 412 1121 neque
440 1025 584 1101 invenit
604 1045 723 1119 neque
756 1025 969 1117 desrderat,
1002 1029 1070 1103 irno

144 1129 281 1228 rejicit,
308 1126 540 1226 repellitque,
567 1131 712 1222 eoquod
731 1125 848 1203 solum
880 1129 1010 1206 Deum
1034 1154 1072 1205 u·

51 1304 53 1307 ,
143 1231 228 1307 nice
254 1228 494 1328 concupiscat.
544 1229 652 1316 Quod
681 1242 807 1305 autem
836 1228 1072 1308 solitudinem

81 1394 87 1401 ,
143 1332 249 1409 hand
280 1333 377 1407 ultra
409 1331 561 1409 modurn
593 1331 774 1427 adauget,
808 1329 849 1409 da
876 1332 1070 1418 molestissi-

83 1447 86 1452 ’
140 1455 244 1509 marn
270 1432 375 1510 snnul
401 1432 540 1519 reddit,
567 1431 606 1506 in
633 1455 677 1506 eo
698 1432 880 1521 versatur,
910 1438 1014 1530 quod
1034 1462 1070 1513 a·

133 1535 257 1615 airnae
292 1535 331 1609 in
363 1530 520 1609 solitario
546 1531 618 1610 hoc
644 1532 946 1635 desertofagenti
974 1541 1069 1619 Deus

140 1657 214 1732 qua
240 1635 495 1714 remotissimus
521 1635 816 1732 repraesentetur:
842 1641 950 1717 unde
966 1640 1069 1717 socie·
1101 1676 1106 1741 ί

49 1823 53 1827 ,
140 1749 258 1814 tatem
285 1750 535 1812 creaturarum
561 1738 785 1827 nechabet,
824 1763 899 1816 nec
938 1744 1067 1818 hahere
1101 1762 1104 1769 ·

134 1839 244 1929 ·vult;
271 1837 547 1933 societatem&
573 1838 815 1936 possessionem
835 1843 910 1918 Dei
926 1861 1066 1932 autem,
1101 1856 1104 1897 ³

139 1951 253 2039 quam
288 1953 367 2013 tam
398 1941 570 2013 ardenter
604 1939 800 2035 desiderat,
827 1941 972 2021 habere
999 1970 1066 2022 nan
1102 1966 1104 2009 s

137 2040 275 2140 potest.»
317 2040 373 2117 ita
404 2054 447 2114 ut
469 2041 608 2114 misella
623 2043 673 2116 'in
699 2044 960 2133 violentissimo
986 2072 1066 2145 que

135 2143 226 2219 darn
254 2141 348 2217 statu
374 2141 473 2236 quasi
499 2143 634 2217 caesum
658 2145 753 2220 inter
779 2145 820 2223 dr
848 2161 996 2228 terram
1019 2151 1067 2227 su-
1101 2216 1105 2237 ,

137 2243 260 2341 spensa
287 2244 437 2321 haereat.
495 2240 579 2316 Tum
603 2243 621 2341 (
641 2246 694 2323 ait
719 2246 888 2347 Sanun)
917 2250 1015 2326 Dens
1042 2252 1067 2326 ri
1100 2292 1105 2333 .·

137 2346 307 2447 magnalia
320 2344 387 2439 sua
407 2349 507 2418 mado
521 2346 661 2440 quodam
694 2352 837 2449 maxime
862 2351 1065 2439 admirabili,
1104 2366 1106 2397 ¹

138 2445 181 2524 ds
208 2447 367 2544 dagusari
398 2447 618 2539 communicat.
645 2488 662 2505 ·
687 2490 704 2506 -
728 2490 745 2506 ·
779 2448 846 2523 snm
872 2457 961 2527 enim
986 2481 1065 2530 canr-

135 2551 312 2623 munientia
337 2561 404 2619 'nan
427 2560 495 2621 ram
516 2548 558 2649 ast
581 2548 627 2621 ad
657 2554 799 2641 animam
818 2554 1063 2649 consolandam,

134 2674 234 2746 qnam
257 2652 413 2723 atridem
434 2648 506 2724 dinc
533 2663 668 2745 pareat,
694 2676 792 2746 qnam
819 2661 938 2730 merito
965 2659 1063 2756 sea-

133 2755 223 2825 nima
245 2754 381 2839 crucier,
409 2748 451 2829 ds
485 2750 611 2838 doleat,
638 2752 728 2846 qnod
748 2752 863 2851 absens
893 2761 940 2854 fit
965 2760 1010 2834 ab
1031 2784 1062 2834 ea

131 2849 215 2927 bono
238 2907 248 2936 ,
269 2906 271 2911 -
292 2852 380 2946 qnod
417 2857 525 2927 omnia
554 2857 589 2927 sn
624 2853 664 2949 se
702 2857 924 2951 compleantur
969 2859 1060 2936 bona.

130 2954 478 3031 Communicatione
506 2956 578 3032 hac
619 2957 688 3032 Dei
722 2957 944 3036 desrderiurn
968 2965 1060 3045 ultra

129 3056 283 3131 modum
305 3053 556 3144 succenditur,
589 3055 629 3135 dc
654 3061 841 3135 cruciatus
861 3064 960 3139 adeo
986 3064 1060 3142 sub·

126 3155 206 3231 tilis
228 3157 486 3251 ingeneratur,
513 3173 556 3235 ut
580 3160 709 3236 anima
737 3162 776 3237 in
812 3164 948 3240 mortis
976 3191 1060 3264 ago·
1104 3176 1106 3195 '

123 3279 175 3331 ne
202 3272 424 3354 reponatur,
475 3257 515 3336 dr
553 3275 683 3349 revera
714 3263 753 3338 in
783 3264 930 3361 ingenti
966 3291 1059 3344 mor·

123 3355 178 3436 as
198 3358 363 3458 periculo
384 3360 646 3453 constituatur,
670 3379 780 3465 prout
805 3369 946 3467 Santra
969 3370 1058 3451 affu-

135 3494 139 3505 '
180 3496 186 3508 ·
265 3524 269 3533 -
800 3536 808 3544 .
905 3486 1015 3564 mat,

1088 3600 1106 3659 ‘s
