2220 3870
124 159 210 253 590
283 70 433 222 TrJV..
454 123 558 254 Cap.
573 112 697 216 XX
724 120 903 216 Manita
931 134 938 175 ³

123 295 356 405 purgationis
397 286 472 369 sure
505 289 718 369 affliaiones
755 292 876 368 robur
908 292 1055 392 ipiritus

33 479 42 486 .
125 399 396 498 adipiscantur,
423 392 461 470 &
489 405 532 468 ut
550 415 636 467 cum
664 393 822 488 angelici
847 395 966 471 Panis
986 397 1056 472 for-

58 562 63 581 ,
125 503 288 583 iitudine
313 498 362 573 ad
391 495 529 571 divinae
554 494 702 568 unionis
724 493 914 590 fastigium
941 497 1056 583 felici-

127 618 186 683 ter
209 599 438 685 elutientur‚
464 607 572 693 prout
591 594 695 671 Elias
721 617 786 693 per
811 619 955 693 panem
980 599 1056 675 An·

128 705 203 804 geli
227 702 276 776 ad
300 699 448 775 culmen
467 696 606 772 montis
628 697 753 771 Horeb
781 701 979 795 pervenit:
1005 698 1054 774 Et

15 866 22 875 .
127 802 308 882 mnbalnait
336 803 371 874 in
397 797 598 896 fortitudine
627 791 692 872 cibi
720 795 841 887 illias,
886 801 992 898 usque
1014 800 1057 878 aa

126 918 266 986 montem
288 897 413 978 Horeb.
463 896 491 997 ζ
499 894 585 998 aeg.
598 924 634 999 3.
653 921 725 1003 cup.
743 922 800 997 19.
813 924 850 974 n.
864 910 945 1002 8.)

39 1138 53 1173 ι
128 1136 217 1210 209}
233 1104 496 1274 Mammam
519 1102 745 1201 Qnmrnar'.¹
800 1098 965 1183 Afflinis
1001 1105 1059 1184 hia

135 1242 138 1247 ·
357 1204 519 1304 personis
545 1205 710 1280 Direttor
729 1204 892 1281 multam
918 1210 1054 1284 carita'·

122 1326 206 1394 tem
226 1311 267 1389 δι
299 1290 576 1384 amabilitatem'
597 1306 771 1382 exhibere
801 1305 955 1386 studeat
984 1335 1057 1386 nou

126 1416 240 1497 modo
264 1407 890 1487 cruciatuum'commiserationem·
906 1398 1058 1489 corianu-

127 1516 304 1599 strando‚
341 1510 402 1586 sed
432 1506 471 1585 n
497 1508 706 1608 rejeiiionis
742 1510 883 1613 divinae
925 1516 1058 1590 timore

39 1684 42 1688 .
125 1640 255 1697 earum
278 1628 424 1690 mentes
448 1609 648 1688 liberando.
698 1611 841 1689 vVerum
859 1613 938 1704 est,
961 1614 1055 1711 qnod

155 1717 370 1815 urgantibus
404 1713 464 1787 his
498 1712 694 1788 animabus
720 1712 979 1810 hujuscemodi
1005 1717 1054 1791 so·
1097 1756 1101 1815 t

125 1745 265 1901 famina
295 1874 305 1905 ‚
331 1816 455 1913 ‘prout
477 1813 565 1890 alibi
594 1813 701 1902 dixi,
734 1837 868 1912 parum
897 1817 1054 1917 prnfint.
1097 1852 1100 1859 ·

127 1924 216 2020 quia
235 1919 345 1994 Dens
374 1916 478 2004 vult,
503 1928 546 1989 ut
569 1914 608 1988 in
629 1912 895 2013 purgationum
913 1919 1057 1996 suarum
1096 1928 1099 2021 g

128 2022 278 2103 fornace
296 2016 563 2094 excrucientur.
616 2016 759 2094 interea
778 2031 912 2095 tamen
937 2022 978 2098 &
996 2022 1056 2096 hu·
1095 2100 1098 2113 ,

129 2105 379 2205 inanitatis&
401 2118 569 2194 caritatis
592 2117 694 2214 leges
716 2120 874 2216 exigunt
896 2179 908 2211 ,
935 2131 1056 2201 utve·
1095 2168 1098 2185 ·

128 2227 322 2308 hementer
341 2218 482 2296 afflitiis
497 2242 645 2295 ornnem
659 2220 878 2297 comitatem
898 2223 940 2300 δι
957 2249 1059 2301 man·
1095 2250 1098 2293 ;

129 2326 362 2407 suetudinem
380 2321 634 2397 exhibeamus.
699 2323 935 2421 Quapropter
963 2325 1058 2403 srin·
1094 2312 1098 2369 ¹

131 2431 250 2507 firmae
287 2425 355 2501 smt
384 2421 524 2522 (prout
552 2423 591 2498 in
621 2423 696 2499 hoc
721 2423 816 2500 statu
845 2425 1059 2524 frequenter

131 2530 345 2624 'contingere
384 2536 517 2609 amat,
551 2526 695 2619 eoquod
733 2525 903 2606 humana
930 2546 1060 2606 natura
1095 2594 1098 2599 ,

130 2635 319 2710 tantorum
341 2626 572 2701 cruciatuum
603 2627 748 2723 pondus
783 2626 958 2705 sustinere
988 2652 1057 2707 non
1093 2640 1097 2721 Ι

31 2820 43 2837 ,
130 2732 294 2827 valeat)
319 2727 529 2822 frequenter
561 2748 627 2802 eas
658 2726 697 2803 &
731 2727 844 2805 adeat
874 2729 914 2806 δι
940 2731 1060 2809 conso·
1093 2750 1097 2803 !

129 2835 238 2911 letur.
316 2830 357 2904 Si
392 2827 616 2904 valetudine·
636 2828 779 2927 integra
807 2831 1058 2927 perfruantur,

130 2946 285 3010 externa
311 2929 539 3027 paenitentiae
565 2953 676 3027 opera
700 2957 773 3007 non
796 2935 910 3009 modo
934 2934 1059 3033 augeri
1095 3012 1098 3021 ,

127 3059 207 3113 non
242 3032 435 3131 patiatur,
474 3029 535 3106 sed
566 3032 690 3130 potius
725 3034 900 3111 imminui
931 3050 1059 3113 curet:

128 3137 245 3232 idque
268 3131 433 3230 pluribus
456 3157 504 3207 ex
530 3134 669 3210 caulis.
722 3135 847 3210 Primo
870 3137 962 3232 quia
986 3160 1059 3237 per·
1093 3080 1098 3193 i

130 3236 230 3316 sonis
260 3235 299 3309 in
342 3233 414 3309 hac
446 3234 664 3330 purgatione
700 3237 912 3318 constitutis
967 3241 1060 3314 Deua
1095 3270 1099 3295 ι

133 3336 208 3441 ipse
228 3333 487 3438 paenitentiam
513 3336 703 3441 iniungit,
727 3337 769 3419 &
787 3342 967 3521 acerbapn
989 3341 1059 3437 qui·
1094 3306 1099 3449 i

945 3467 1019 3524 em.
