2100 3870
73 106 324 261 buseriualis
347 167 387 256 r'n
413 159 588 301 caligine.
733 195 828 297 147

73 336 244 410 ebenum
267 330 377 406 modo
405 330 659 428 intelligentiae
684 332 757 413 suae
770 337 827 421 in-

73 433 219 511 rensrbiii
244 433 283 507 in
308 434 387 507 Deo
414 434 562 523 videat,
588 435 664 510 alto
683 437 826 537 stupore

79 532 315 615 ardentissimo
339 557 464 610 amore
489 533 673 627 succensa,
690 536 729 617 δι
743 540 824 619 Deo

73 640 134 715 uita
157 649 297 714 manet.
662 684 665 689 -

107 840 178 917 uod
205 835 337 914 ultimo
375 833 456 912 loco
483 836 580 927 dixi,
626 836 824 938 diligenter

136 938 314 1034 observari
340 954 504 1037 oportet,
528 964 575 1014 ne
597 938 725 1019 Lestor
749 968 816 1023 ex·

88 1039 309 1119 tenebrosam
335 1041 430 1115 hanc
456 1040 629 1117 visronem
656 1044 827 1125 consiste·

73 1168 157 1220 nero
191 1143 353 1238 quodam
378 1144 573 1239 negativo,
601 1143 638 1218 vi
665 1144 824 1243 cujus'a·

73 1248 151 1334 icat,
176 1245 282 1321 Deus
303 1267 378 1318 non
404 1244 455 1318 est
480 1242 582 1331 hoc,
598 1266 673 1321 non
697 1246 748 1321 est
776 1247 824 1322 il-

73 1375 100 1422 n
125 1347 175 1422 est
208 1345 265 1432 id,
303 1344 402 1441 quod
427 1344 631 1441 intelligere
656 1346 821 1444 possum

73 1473 104 1524 m
129 1446 236 1524 facile
256 1447 412 1521 obtineri
437 1446 577 1544 potest,
615 1444 675 1521 sed
709 1446 823 1549 consr-

86 1550 158 1650 jam
186 1547 284 1636 dixi,
310 1547 349 1624 in
375 1548 458 1623 idea
484 1548 554 1625 Dei
578 1546 740 1646 positiva,
755 1550 821 1626 ab·

81 1650 257 1748 generali,
281 1669 325 1726 ac
337 1646 484 1725 confusa
497 1647 557 1725 sed
586 1650 819 1741 nobilissima,

73 1755 183 1828 scitur
218 1773 266 1827 ex
290 1775 360 1851 eo,
399 1751 496 1847 quod
533 1750 572 1826 in
601 1750 677 1827 Deo
710 1776 822 1829 omne

78 1853 134 1930 snb
159 1849 380 1929 fonnalitate
406 1866 472 1927 aut
493 1851 577 1928 idea
601 1852 655 1929 rei
679 1853 822 1931 incom-

73 1955 156 2031 ibilis
181 1954 359 2032 videatur.
426 1950 531 2028 Unde
571 1953 820 2053 consequitur,

73 2059 173 2143 rima,
201 2053 485 2152 quantominus
512 2066 588 2130 tam
615 2056 822 2153 ingensbo·

73 2156 325 2333 impressgendit,
352 2168 456 2330 tinto
480 2155 572 2330 {ilua
596 2158 716 2332 maffiis
754 2157 824 2334 adi

87 2314 95 2347 ,
131 2281 162 2334 ae
194 2281 265 2332 nne
299 2313 309 2346 ‚
348 2279 478 2332 aame
496 2279 577 2351 que.
724 2278 795 2353 quo

73 2358 103 2436 sa
124 2361 265 2436 ratione
290 2361 564 2455 comprobatur:
592 2380 692 2434 nam
711 2358 822 2443 lumi·

73 2484 108 2536 ec
132 2462 272 2557 caiigo,
298 2461 337 2534 in
365 2481 436 2555 qua
460 2458 664 2535 inteisestus
689 2459 824 2535 humu-

73 2587 130 2640 um
156 2564 277 2648 videt,
304 2560 354 2637 est
379 2560 623 2659 persestissrma
658 2573 825 2651 contem·

90 2665 159 2742 imo
198 2661 307 2761 ipsius
332 2663 400 2736 Dei
425 2660 533 2749 visre,
574 2683 657 2756 quae
682 2684 825 2737 meram

74 2789 149 2944 ”is
162 2760 420 2945 sinisii,
444 2762 826 2962 sibisibi?

73 2991 115 3050 1ae
148 2979 311 3045 mentem
350 2964 553 3064 absorptam
582 2978 726 3054 teneat,
761 2962 828 3060 figi

97 3072 151 3148 lta
175 3071 216 3147 Ρ.
242 3066 402 3145 Alvarus
428 3070 474 3141 de
500 3065 628 3167 Pan(
671 3059 759 3139 Tom.
789 3090 826 3161 3.

88 3198 155 3270 cop.
189 3197 242 3267 13.
270 3173 298 3267 J
325 3171 371 3245 Et
398 3168 453 3244 sta
478 3164 672 3275 Dionysms
693 3166 830 3243 Riche·

73 3274 174 3351 rtium
197 3270 418 3368 Dionysium,
437 3268 696 3367 Areopagitam
709 3265 831 3343 decla·

73 3375 96 3455 se
117 3374 218 3481 Mysi.
242 3371 428 3553 ticolkurt.
457 3386 531 3474 8.)
547 3369 736 3477 inquiens:
765 3359 833 3445 Vr<
924 3374 928 3385 ‘

381 3497 404 3554 2
704 3487 788 3547 artu·
