2220 3870
23 281 26 285 ,
96 181 265 317 corporis
298 181 340 271 in
374 167 610 305 demerim
644 165 841 297 obsidione.
864 206 980 302 -429

59 349 136 427 stae
163 345 295 423 Mariae
324 342 522 421 Crucifixae
549 343 881 427 dirissroris.‚modir
923 351 982 427 in-

58 449 230 537 sultavit,
255 461 299 525 ut
321 470 407 524 eam
430 472 454 524 a
482 445 665 539 consuetis
683 449 912 527 orationibus
924 452 983 530 di·
1013 506 1016 513 ·

57 553 265 633 sturbaret-:
300 550 415 625 modo
442 554 527 624 eam
553 549 594 625 in
615 548 770 644 sublime
801 551 982 648 elevavit,

59 646 102 732 ἃ
138 665 219 729 toto
242 673 369 751 ocyus
397 653 558 750 pondere
596 650 724 747 rursus.
754 650 858 751 super
879 656 984 753 'pavi-

59 770 234 836 mentum
267 755 400 829 cadere
440 750 601 850 permisrt
643 777 718 830 non
750 751 825 829 fine
862 760 981 836 atroci

60 860 258 938 amborum
287 870 451 952 genuum
470 855 628 931 laesrone.
679 854 793 930 Modo
819 844 985 952 genufle-

63 982 155 1039 xam
182 957 302 1034 subito
325 955 518 1032 retrorsum
545 955 678 1042 traxit,
712 955 752 1036 ur
781 957 822 1032 iu·
841 982 929 1038 aera
941 986 982 1040 e·
1073 1044 1075 1051 ,

59 1062 180 1141 latam
213 1059 328 1135 feroci
359 1056 433 1132 retu
462 1055 636 1155 supinam
664 1057 769 1133 humi
781 1059 984 1156 prostravit,

63 1164 129 1245 ubi
163 1161 265 1239 mille
299 1173 475 1259 praeterea
513 1157 740 1234 cruciatibus
769 1182 855 1235 eam
893 1186 984 1251 exa.

60 1264 208 1365 gitavit.¹
285 1254 398 1340 Modo
432 1276 544 1360 caput
573 1257 653 1357 ejus
685 1272 831 1356 tergum
856 1264 995 1344 versut

61 1382 171 1446 tanta
199 1363 395 1452 violentia,
439 1375 483 1439 ut
506 1361 610 1459 ¹quasi
649 1359 815 1460 scapulas
848 1378 981 1464 tange·

62 1484 150 1559 ret,
205 1480 385 1543 retortum
418 1486 505 1540 cum
533 1464 676 1561 impetu
710 1464 845 1541 iterum
877 1467 984 1567 super
1001 1511 1007 1540 -,

62 1571 190 1674 pestus
215 1569 388 1646 retraxit:
423 1564 538 1663 quem'
561 1558 746 1642 crudeleni
760 1567 890 1645 ludum
901 1558 986 1689 plu.

62 1672 276 1754 riesetiarn
309 1668 456 1768 repetiit
480 1684 565 1745 cum
589 1678 669 1742 tam
706 1668 920 1748 vehementr
946 1695 989 1750 e·
1088 1702 1092 1709 ·

61 1775 210 1878 jusdem
239 1772 384 1861 dolore,
413 1784 456 1847 ut
475 1782 586 1871 caput
615 1793 639 1846 a
664 1792 815 1869 corpore
838 1771 984 1873 separa·

63 1876 322 1963 rivideretuu
348 1886 391 1950 ut
422 1876 474 1950 de·
493 1871 659 1973 pluribus
690 1873 774 1958 aliis
806 1876 1005 1961 acerbiffic

64 1980 139 2058 mis
168 1975 363 2055 tormentis
386 1976 481 2059 nihil
515 1975 650 2052 dicant
943 1976 947 1983 '
981 1984 984 1991 ’

10 2208 133 2284 a
150 2158 986 2380 Aatraunturrursu
1073 2223 1078 2227 ·

62 2383 210 2482 insuper
236 2396 386 2480 tempus
420 2383 651 2459 daemonibus
677 2404 790 2478 quam
812 2399 988 2480 opportu-

10 2566 16 2581 ,
64 2484 249 2574 niffimum
271 2484 333 2560 est.
386 2484 547 2580 Tempus
572 2483 643 2560 hoc
672 2485 891 2579 notturnum
913 2486 986 2583 est;

64 2607 149 2668 tum
177 2588 264 2684 quia
285 2585 429 2686 spiritus
453 2584 652 2662 infernales
690 2588 927 2664 tenebrarum
944 2612 987 2666 a·

10 2748 13 2759 .
64 2690 177 2777 mici,
198 2703 280 2765 tum
297 2687 384 2784 quia
417 2689 579 2764 tenebrae
603 2687 653 2764 ad
676 2700 987 2786 terrorem,quem

10 2868 13 2879 ,
63 2789 198 2895 perfidi
221 2789 294 2865 suis
317 2787 600 2887 aggressionibus
625 2789 791 2865 incutere
806 2789 985 2882 nituntur,

64 2892 283 2989 augendum
310 2891 455 2967 idoneae
487 2889 580 2968 sunt.
633 2890 737 2966 Tunc
760 2890 879 2967 multo
907 2917 990 2970 ma·

62 2997 148 3094 gis,
183 3012 295 3087 quam
330 3014 494 3088 unquam
521 2994 614 3071 alias
648 2992 848 3082 terribileS‚
895 3015 989 3090 quas

64 3093 234 3192 superius
266 3093 395 3180 innui,
430 3097 585 3171 technas
612 3096 823 3182 ordiuntur,
848 3093 889 3172 &
912 3093 1005 3192 spei

65 3195 201 3275 ciatim
233 3191 417 3271 servorum
451 3196 521 3271 Dei
547 3194 736 3283 somnum,
756 3194 830 3270 'vel
866 3194 990 3293 strepi·

64 3311 136 3376 tue
174 3295 271 3372 circa
312 3314 440 3371 eorum
479 3296 648 3372 cubicula
676 3294 890 3380 excitando,
919 3295 991 3379 rel

67 3396 279 3482 eorundem
309 3395 482 3503 personas
511 3395 661 3482 moleste
688 3397 903 3579 tuttundo13
915 3407 1017 3483 tur-f

172 3562 176 3568 .
614 3564 617 3576 ,
904 3520 946 3578 a·
