2220 3870
84 198 90 217 x
130 171 202 262 az
290 157 378 260 ar.
406 130 494 260 vij
527 162 628 298 cap.
668 158 761 283 aa,
785 162 959 258 Mam

79 376 84 389 κ
132 331 314 434 principio
337 331 424 408 dein
443 354 537 407 eum
559 332 854 431 contempletur,
889 335 1060 415 adamet-

130 452 218 531 .que.
270 434 380 511 Alius
408 434 558 531 quidam
576 436 679 511 vidit
704 435 887 512 Christum
919 437 1058 533 glorio·

131 534 243 624 sum,
277 550 344 612 aut
379 536 419 611 in
452 559 561 613 cruce
596 537 783 643 doloribus
821 538 1056 628 immersum,

129 635 305 734 huncque
332 637 471 736 semper
495 637 558 716 sibi
585 637 799 737 praesentem
825 639 967 732 babere.
998 643 1055 718 vi·

72 778 74 782 r
125 738 251 815 detur.
319 737 356 816 Is
393 739 591 816 sensibilem
624 742 720 818 banc
743 741 1051 836 Imaginationem

125 840 322 934 nobilitet,
356 839 396 918 dr
434 864 498 940 per
530 841 641 918 fidem
674 845 720 918 ab
751 842 913 939 objedo,
951 846 1050 939 quod

64 968 71 1000 ν
127 941 255 1032 videt,
282 944 535 1041 progrediatur
558 945 607 1019 ad
632 943 743 1032 aliud,
771 944 869 1040 quod
892 969 967 1021 non
994 947 1047 1021 vi·-

127 1043 206 1120 det.
258 1043 410 1142 Cogitet
431 1045 621 1120 hominem
645 1045 750 1120 illum
773 1045 978 1120 ulcerosum
1003 1070 1049 1123 ac

126 1142 301 1238 afflislum
326 1146 395 1223 esse
422 1147 543 1234 Deum
569 1147 724 1222 infinitae
750 1146 963 1246 majestatis,
989 1149 1047 1224 in·

52 1269 59 1281 ·
125 1244 244 1324 sinitae
278 1249 476 1346 potentiae,
510 1249 548 1327 dc
584 1247 742 1339 inlinitae
775 1250 1045 1349 magnitudinis

125 1345 199 1426 uc.
225 1349 284 1426 Ex
309 1372 381 1447 quo
404 1349 660 1449 consequetur,
700 1350 798 1446 quod
822 1352 944 1439 amor,
980 1350 1045 1446 qdi

124 1472 214 1547 erga
241 1450 426 1545 Christum·
446 1467 548 1530 totus
573 1467 695 1540 tener,
709 1476 753 1527 ac
780 1450 951 1528 sensibilis
961 1451 1043 1529 sue·

122 1565 184 1628 rat
200 1610 216 1641 ,
247 1554 463 1632 transiturus
503 1554 547 1632 fit
584 1556 623 1630 in
664 1576 829 1630 amorem
874 1552 1044 1652 eiusdem

123 1652 257 1731 Christi
299 1658 421 1755 magis
467 1654 718 1754 spiritualem,
756 1678 801 1732 ac
844 1657 1039 1753 puriorem.

121 1753 265 1853 Quibus
290 1758 416 1832 tamen
429 1760 646 1854 neutiquam
661 1760 813 1833 innuere
828 1756 922 1839 volo,
941 1758 1040 1853 quod

118 1854 170 1943 ds
193 1854 274 1957 Jesu
297 1857 459 1960 Christo,
485 1857 524 1936 dr
550 1857 790 1936 sacratissima
804 1857 884 1958 ejus
903 1856 1040 1936 huma·

105 1959 240 2036 nitate
264 1960 504 2056 cogitandum
530 1983 604 2035 non
640 1959 700 2036 sit:
739 1982 900 2037 errorem
936 1963 1038 2041 bunc

118 2059 209 2136 alibi
233 2059 310 2159 jam
335 2061 560 2162 impugnavi.
628 2062 750 2150 Dico,
791 2061 889 2158 quod
920 2063 1039 2140 etiam

119 2161 197 2260 post
222 2160 378 2240 visiones
403 2165 450 2239 de
469 2163 533 2250 illo
552 2164 714 2260 cogitare
733 2163 945 2253 debeamus,
960 2176 1038 2241 iion'

115 2276 245 2340 tamen
271 2261 346 2355 ita,
381 2279 425 2342 ut
456 2266 494 2342 in
521 2266 705 2343 materiali
727 2265 808 2354 illa,
836 2285 919 2362 quae
955 2264 1034 2344 seu·

97 2363 196 2443 ,sum
220 2367 493 2466 curii-periculo
505 2365 724 2444 adhaesionis
738 2367 913 2454 obierant,
939 2367 1035 2444 iina-

35 2479 40 2489 '
115 2467 224 2565 gine,
250 2492 295 2558 ac
320 2469 639 2568 repraesentatione
675 2493 743 2544 nos
773 2469 1033 2558 detineamus,

113 2567 177 2644 sed
200 2569 320 2653 itaut
344 2593 409 2669 per
430 2569 682 2668 ,cognitionem
707 2569 813 2658 fidei,
844 2591 929 2667 quae
952 2593 1034 2648 nia·
1077 2616 1080 2621 ·

113 2670 175 2767 gis
205 2669 401 2770 spiritualis
429 2673 479 2750 est
504 2696 558 2759 ¹ac
583 2670 831 2771 persediorem
860 2670 904 2747 ’δι
930 2672 1032 2776 puri·

112 2795 217 2847 orem
244 2773 284 2848 in
307 2772 432 2873 spiritu
458 2774 623 2852 amorem
643 2774 832 2872 perducit,
864 2775 1032 2850 'eandem

110 2871 312 2951 sensibilem
334 2875 694 2977 repraesentationem
729 2876 943 2964 elevemus,
983 2896 1037 2952 ao.

94 2975 361 3079 nobilitanus.
391 2979 459 3054 ld
490 2976 607 3076 ipsum
648 2980 694 3054 de
735 2978 866 3055 Mariae
907 2977 1031 3075 virga

36 3068 41 3081 '
109 3076 190 3167 nis,
228 3077 475 3175 Angelorum,
508 3079 724 3155 Sanslorum
763 3077 961 3158 visionibus
972 3080 1031 3155 di·

108 3202 180 3257 co:
210 3204 241 3258 a
284 3180 538 3257 materialibus
583 3180 719 3257 scilicet
762 3182 879 3259 menri
911 3181 1031 3257 vehe·

108 3294 256 3367 menter
281 3279 454 3380 impressis
486 3281 684 3360 visionibus
699 3285 863 3361 animam
881 3305 1031 3381 progre-

101 3382 152 3475 ldi
182 3394 332 3486 oportet
372 3385 524 3478 adid,
557 3378 814 3487 quod-imin
845 3383 961 3568 tulgin
979 3386 1030 3465 dv
