2220 3870
287 103 397 210 ‘vela
431 111 715 211 revelationis:
782 142 789 149 ·
870 123 1002 240 '261

77 278 287 371 notionibus,
303 286 338 389 fi
362 285 555 359 interveniat
575 278 704 378 aliquid
723 279 868 358 indecens
883 279 1002 380 secun·

78 385 160 459 dum
185 383 527 483 motucintrr'nsecos,
553 383 604 460 vel
626 381 837 480 extrinsecos,
854 385 926 487 stuc
972 393 1001 459 nt

77 486 260 563 indecentia
283 497 430 575 amara,
458 489 531 588 stne
544 485 731 577 ,indecentia
754 488 865 561 moris.
958 482 1002 563 tsr

75 589 342 688 hujuscemodi
364 589 566 686 quidquam
592 599 776 687 appareat,
798 587 1000 675 ticianae

78 692 145 768 nia
181 690 243 767 vel
288 690 460 790 culpabili
506 691 662 777 ditioni,
699 691 761 764 vel
796 687 999 766 daemonia-

76 815 134 889 cae
158 792 335 883 illusroni,
368 794 429 870 vel
450 793 582 877 debilis
605 789 806 894 phantafiae
845 787 999 870 infirmi·

75 895 152 972 tati
175 893 245 971 effe
271 893 519 975 adscribenda.

75 1099 167 1176 226.
176 1093 330 1261 Nota
362 1097 446 1189 hic,
479 1095 583 1176 misse
620 1117 782 1174 errorem
804 1093 994 1188 Montani,

289 1200 354 1298 qui
379 1199 520 1281 raneos
559 1199 765 1300 Prophetas
794 1199 998 1296 praediffin-

70 1321 146 1377 nes
172 1296 255 1377 suas
281 1317 408 1379 mente
433 1304 583 1381 turbata
607 1299 834 1388 hniosorum,
861 1322 905 1374 ac
931 1298 997 1376 ob-

68 1398 245 1487 ·seisorum
269 1403 399 1494 instar,
422 1405 512 1502 quin
537 1402 680 1494 scirent,
705 1403 794 1500 quid
820 1400 997 1495 dicerent,

73 1502 226 1579 edidiffe
256 1506 424 1582 credidit.
476 1504 553 1606 Ipse
578 1505 640 1583 hic
657 1503 901 1605 prophetandi
915 1524 997 1577 mo·

70 1605 147 1682 dus
171 1603 270 1682 falsis
295 1607 484 1705 prophetis
511 1608 563 1685 est
586 1608 774 1707 proprius,
811 1602 830 1704 (
867 1601 997 1701 quales

72 1705 229 1784 omnino
272 1707 432 1785 infelicis
466 1709 568 1788 illius
604 1706 855 1789 haeresiarchae
880 1703 996 1784 illusae

70 1807 249 1886 mulieres
271 1824 378 1891 erant
414 1807 434 1911 )
485 1812 526 1887 hi
546 1811 656 1888 enim
680 1808 911 1886 daemoniaco
927 1805 998 1905 spi·

68 1911 148 1988 ritu
162 1909 279 1988 invasi
287 1912 452 1989 violento
477 1913 638 2009 quodam
652 1911 764 1999 modo
794 1911 994 2008 adigunmr

68 2013 273 2098 adomnia
307 2037 354 2091 ea
377 2037 464 2090 curn
488 2014 611 2091 furore
636 2013 913 2112 preloquenda,
946 2008 997 2103 ad

67 2134 156 2211 quae
182 2111 328 2210 spiritus
355 2115 529 2212 deceptor
552 2139 624 2191 eos.
638 2115 797 2211 instigat.
849 2109 993 2191 Nonhc

66 2213 261 2315 prophetae
288 2216 449 2302 Domini,
476 2217 541 2315 qui
566 2215 743 2297 vaticinia
767 2212 994 2312 proferentes

67 2315 136 2394 nni
166 2314 252 2412 iphs
276 2317 473 2414 praesentes
500 2317 599 2405 sunt,
626 2315 878 2414 cognoscunt,
907 2318 994 2408 quae

66 2419 224 2507 dicunt,
247 2413 288 2493 δι
312 2418 505 2495 multoties
530 2419 806 2519 prophetiarum
847 2415 995 2492 suarum

65 2519 186 2597 etiam
221 2516 525 2615 fignificationem
557 2520 800 2618 intelligunt3
835 2515 863 2594 sl
903 2518 994 2602 velo

66 2642 155 2699 eam
180 2617 339 2703 subinde.
353 2638 430 2703 non
452 2621 680 2719 intelligant,
702 2620 852 2718 eoquod
888 2619 993 2695 Deus

64 2723 168 2803 hanc
200 2718 276 2798 illis
313 2738 390 2803 non
424 2722 652 2813 manifestet,
690 2745 827 2818 magna
863 2726 992 2805 tamen
1036 2802 1042 2806 ,

57 2847 155 2903 cum
193 2823 362 2907 claritate
389 2822 630 2931 cognoscunt,
657 2823 822 2922 symbola
846 2821 929 2910 illa,
947 2819 991 2907 ,δι

91 2925 304 3025 rophetica,
329 2927 525 3025 quae-“aliis
546 2924 734 3014 referunt,
755 2924 867 3001 verba
890 2921 992 3017 fibia

64 2950 148 3106 heo
173 3025 276 3103 fniffe
300 3029 585 3110 communicata.
638 3026 689 3103 Et
713 3026 801 3102 licet
823 3024 884 3100 hae
908 3044 992 3122 pro·

64 3129 207 3231 phetiae
231 3151 317 3204 cum
342 3131 488 3207 ardenti
520 3127 741 3226 quandoque
785 3125 868 3202 zelo
906 3145 993 3222 prq-

63 3229 304 3319 nuntientur,
330 3231 470 3331 semper
493 3253 560 3307 eas
585 3243 717 3318 tamen
736 3225 822 3317 lux,
846 3247 921 3324 pax
945 3221 992 3311 dr

55 3332 179 3439 plena
202 3328 379 3417 serenitas
400 3332 616 3517 regnatur,
664 3329 725 3417 lta
746 3329 788 3412 S·
823 3324 988 3508 Thgmnp

394 3490 397 3505 .
501 3457 526 3534 3
683 3501 686 3507 .
898 3449 939 3508 o·
