<?xml version="1.0" encoding="UTF-8"?>
<!DOCTYPE html PUBLIC "-//W3C//DTD XHTML 1.0 Transitional//EN"
    "http://www.w3.org/TR/xhtml1/DTD/xhtml1-transitional.dtd">
<html xmlns="http://www.w3.org/1999/xhtml" xml:lang="en" lang="en">
 <head>
  <title>
</title>
<meta http-equiv="Content-Type" content="text/html;charset=utf-8" />
  <meta name='ocr-system' content='tesseract 3.04.00' />
  <meta name='ocr-capabilities' content='ocr_page ocr_carea ocr_par ocr_line ocrx_word'/>
</head>
<body>
  <div class='ocr_page' id='page_1' title='image "./directoriummyst00scargoog_0407.png"; bbox 0 0 2220 3870; ppageno 0'>
   <div class='ocr_carea' id='block_1_1' title="bbox 98 105 1045 246">
    <p class='ocr_par' dir='ltr' id='par_1_1' title="bbox 98 105 1045 246">
     <span class='ocr_line' id='line_1_1' title="bbox 98 105 1045 246; baseline -0.005 -36"><span class='ocrx_word' id='word_1_1' title='bbox 98 141 186 234; x_wconf 75' lang='lat'><strong>392·</strong></span> <span class='ocrx_word' id='word_1_2' title='bbox 292 105 359 209; x_wconf 75' lang='lat' dir='ltr'><strong>Tr.¹</strong></span> <span class='ocrx_word' id='word_1_3' title='bbox 399 116 451 212; x_wconf 84' lang='lat' dir='ltr'><strong>V.</strong></span> <span class='ocrx_word' id='word_1_4' title='bbox 487 110 607 246; x_wconf 83' lang='lat' dir='ltr'><strong>Cap</strong></span> <span class='ocrx_word' id='word_1_5' title='bbox 622 106 722 209; x_wconf 76' lang='lat' dir='ltr'><strong>VJ.</strong></span> <span class='ocrx_word' id='word_1_6' title='bbox 722 111 917 227; x_wconf 78' lang='lat' dir='ltr'><em>Manita</em></span> <span class='ocrx_word' id='word_1_7' title='bbox 1042 159 1045 175; x_wconf 76' lang='lat'><strong><em>=</em></strong></span> 
     </span>
    </p>
   </div>
   <div class='ocr_carea' id='block_1_2' title="bbox 76 277 1058 1798">
    <p class='ocr_par' dir='ltr' id='par_1_2' title="bbox 76 277 1058 1798">
     <span class='ocr_line' id='line_1_2' title="bbox 96 277 1018 382; baseline 0.003 -26"><span class='ocrx_word' id='word_1_8' title='bbox 96 304 205 382; x_wconf 83' lang='lat' dir='ltr'><strong>gere,</strong></span> <span class='ocrx_word' id='word_1_9' title='bbox 232 277 267 355; x_wconf 92' lang='lat' dir='ltr'><strong>se</strong></span> <span class='ocrx_word' id='word_1_10' title='bbox 288 279 381 378; x_wconf 84' lang='lat' dir='ltr'><strong>ipsas</strong></span> <span class='ocrx_word' id='word_1_11' title='bbox 408 281 628 378; x_wconf 84' lang='lat' dir='ltr'><strong>deprimere,</strong></span> <span class='ocrx_word' id='word_1_12' title='bbox 660 279 1018 359; x_wconf 80' lang='lat' dir='ltr'><strong>inconsideratione</strong></span> 
     </span>
     <span class='ocr_line' id='line_1_3' title="bbox 98 381 1015 496; baseline 0.001 -38"><span class='ocrx_word' id='word_1_13' title='bbox 98 383 270 496; x_wconf 78' lang='lat' dir='ltr'><strong>propriae</strong></span> <span class='ocrx_word' id='word_1_14' title='bbox 284 381 494 477; x_wconf 86' lang='lat' dir='ltr'><strong>fragilitatis</strong></span> <span class='ocrx_word' id='word_1_15' title='bbox 534 382 636 459; x_wconf 83' lang='lat' dir='ltr'><strong>dese</strong></span> <span class='ocrx_word' id='word_1_16' title='bbox 668 381 766 478; x_wconf 88' lang='lat' dir='ltr'><strong>ipsrs</strong></span> <span class='ocrx_word' id='word_1_17' title='bbox 778 384 929 478; x_wconf 88' lang='lat' dir='ltr'><strong>penitus</strong></span> <span class='ocrx_word' id='word_1_18' title='bbox 949 383 1015 460; x_wconf 81' lang='lat' dir='ltr'><strong>dis·</strong></span> 
     </span>
     <span class='ocr_line' id='line_1_4' title="bbox 76 481 1015 570; baseline 0 -9"><span class='ocrx_word' id='word_1_19' title='bbox 76 485 233 570; x_wconf 73' lang='lat' dir='ltr'><strong>ridere,</strong></span> <span class='ocrx_word' id='word_1_20' title='bbox 261 481 300 556; x_wconf 92' lang='lat' dir='ltr'><strong>in</strong></span> <span class='ocrx_word' id='word_1_21' title='bbox 326 483 405 558; x_wconf 92' lang='lat' dir='ltr'><strong>Deo</strong></span> <span class='ocrx_word' id='word_1_22' title='bbox 438 506 588 558; x_wconf 88' lang='lat' dir='ltr'><strong>omnem</strong></span> <span class='ocrx_word' id='word_1_23' title='bbox 616 481 717 566; x_wconf 85' lang='lat' dir='ltr'><strong>suam</strong></span> <span class='ocrx_word' id='word_1_24' title='bbox 734 481 753 556; x_wconf 87' lang='lat' dir='ltr'>s</span> <span class='ocrx_word' id='word_1_25' title='bbox 771 506 832 559; x_wconf 91' lang='lat' dir='ltr'><strong>em</strong></span> <span class='ocrx_word' id='word_1_26' title='bbox 859 485 1015 561; x_wconf 87' lang='lat' dir='ltr'><strong>colloca</strong></span> 
     </span>
     <span class='ocr_line' id='line_1_5' title="bbox 97 507 1015 674; baseline 0 -13"><span class='ocrx_word' id='word_1_27' title='bbox 97 609 158 673; x_wconf 87' lang='lat' dir='ltr'><strong>re,</strong></span> <span class='ocrx_word' id='word_1_28' title='bbox 179 581 218 660; x_wconf 74' lang='grc' dir='ltr'><strong>ιι</strong></span> <span class='ocrx_word' id='word_1_29' title='bbox 243 579 317 657; x_wconf 88' lang='lat' dir='ltr'><strong>sme</strong></span> <span class='ocrx_word' id='word_1_30' title='bbox 347 583 570 674; x_wconf 87' lang='lat' dir='ltr'><strong>diffidentia,</strong></span> <span class='ocrx_word' id='word_1_31' title='bbox 598 582 671 658; x_wconf 87' lang='lat' dir='ltr'><strong>sme</strong></span> <span class='ocrx_word' id='word_1_32' title='bbox 695 507 852 674; x_wconf 44' lang='lat' dir='ltr'><strong>tristitia,</strong></span> <span class='ocrx_word' id='word_1_33' title='bbox 877 584 1015 668; x_wconf 86' lang='lat' dir='ltr'><strong>fiuein·</strong></span> 
     </span>
     <span class='ocr_line' id='line_1_6' title="bbox 98 662 1014 785; baseline 0.001 -26"><span class='ocrx_word' id='word_1_34' title='bbox 98 662 331 781; x_wconf 88' lang='lat' dir='ltr'>quietudine,</span> <span class='ocrx_word' id='word_1_35' title='bbox 355 709 400 760; x_wconf 88' lang='lat' dir='ltr'><strong>ac</strong></span> <span class='ocrx_word' id='word_1_36' title='bbox 424 684 520 760; x_wconf 89' lang='lat' dir='ltr'><strong>fine</strong></span> <span class='ocrx_word' id='word_1_37' title='bbox 522 685 637 761; x_wconf 86' lang='lat' dir='ltr'><strong>animi</strong></span> <span class='ocrx_word' id='word_1_38' title='bbox 672 683 874 782; x_wconf 77' lang='lat' dir='ltr'><strong>dejettione</strong></span> <span class='ocrx_word' id='word_1_39' title='bbox 916 710 1014 785; x_wconf 87' lang='lat' dir='ltr'><strong>aper·</strong></span> 
     </span>
     <span class='ocr_line' id='line_1_7' title="bbox 101 784 1020 885; baseline 0.001 -23"><span class='ocrx_word' id='word_1_40' title='bbox 101 797 142 862; x_wconf 92' lang='grc' dir='ltr'><strong>ιο</strong></span> <span class='ocrx_word' id='word_1_41' title='bbox 179 785 289 859; x_wconf 83' lang='lat' dir='ltr'><strong>eorde</strong></span> <span class='ocrx_word' id='word_1_42' title='bbox 319 787 362 860; x_wconf 88' lang='lat' dir='ltr'><strong>in</strong></span> <span class='ocrx_word' id='word_1_43' title='bbox 383 787 509 861; x_wconf 89' lang='lat' dir='ltr'><strong>divino</strong></span> <span class='ocrx_word' id='word_1_44' title='bbox 549 787 635 862; x_wconf 86' lang='lat' dir='ltr'><strong>dein</strong></span> <span class='ocrx_word' id='word_1_45' title='bbox 660 784 806 861; x_wconf 82' lang='lat' dir='ltr'><strong>servitio</strong></span> <span class='ocrx_word' id='word_1_46' title='bbox 848 788 1020 885; x_wconf 86' lang='lat' dir='ltr'><strong>progredi</strong></span> 
     </span>
     <span class='ocr_line' id='line_1_8' title="bbox 100 886 1014 1002; baseline -0.003 -34"><span class='ocrx_word' id='word_1_47' title='bbox 100 888 248 968; x_wconf 79' lang='lat' dir='ltr'><strong>debent</strong></span> <span class='ocrx_word' id='word_1_48' title='bbox 300 887 370 963; x_wconf 92' lang='lat' dir='ltr'><strong>Rei</strong></span> <span class='ocrx_word' id='word_1_49' title='bbox 405 886 614 1002; x_wconf 86' lang='lat' dir='ltr'><strong>exemplum</strong></span> <span class='ocrx_word' id='word_1_50' title='bbox 643 887 754 988; x_wconf 76' lang='lat' dir='ltr'><strong>Jobus</strong></span> <span class='ocrx_word' id='word_1_51' title='bbox 782 888 894 964; x_wconf 90' lang='lat' dir='ltr'><strong>nobis</strong></span> <span class='ocrx_word' id='word_1_52' title='bbox 917 890 1014 965; x_wconf 90' lang='lat' dir='ltr'><strong>obo-</strong></span> 
     </span>
     <span class='ocr_line' id='line_1_9' title="bbox 101 988 1014 1087; baseline 0 -21"><span class='ocrx_word' id='word_1_53' title='bbox 101 988 206 1066; x_wconf 88' lang='lat' dir='ltr'><strong>culos</strong></span> <span class='ocrx_word' id='word_1_54' title='bbox 230 989 351 1086; x_wconf 88' lang='lat' dir='ltr'><strong>ponit,</strong></span> <span class='ocrx_word' id='word_1_55' title='bbox 370 1001 498 1087; x_wconf 79' lang='lat' dir='ltr'><strong>utpote</strong></span> <span class='ocrx_word' id='word_1_56' title='bbox 528 989 592 1082; x_wconf 86' lang='lat' dir='ltr'><strong>qui</strong></span> <span class='ocrx_word' id='word_1_57' title='bbox 617 990 758 1065; x_wconf 83' lang='lat' dir='ltr'><strong>acerbae</strong></span> <span class='ocrx_word' id='word_1_58' title='bbox 785 991 1014 1086; x_wconf 71' lang='lat' dir='ltr'>purgationis</span> 
     </span>
     <span class='ocr_line' id='line_1_10' title="bbox 100 1087 1058 1188; baseline 0 -22"><span class='ocrx_word' id='word_1_59' title='bbox 100 1090 176 1166; x_wconf 84' lang='lat' dir='ltr'><strong>suae</strong></span> <span class='ocrx_word' id='word_1_60' title='bbox 210 1103 373 1188; x_wconf 88' lang='lat' dir='ltr'><strong>tempore</strong></span> <span class='ocrx_word' id='word_1_61' title='bbox 406 1091 453 1166; x_wconf 89' lang='lat' dir='ltr'><strong>ob</strong></span> <span class='ocrx_word' id='word_1_62' title='bbox 474 1091 671 1186; x_wconf 82' lang='lat' dir='ltr'>quemdam</span> <span class='ocrx_word' id='word_1_63' title='bbox 705 1087 889 1164; x_wconf 75' lang='lat' dir='ltr'><strong>desertum</strong></span> <span class='ocrx_word' id='word_1_64' title='bbox 912 1092 952 1166; x_wconf 89' lang='lat' dir='ltr'><strong>in</strong></span> <span class='ocrx_word' id='word_1_65' title='bbox 967 1091 1015 1166; x_wconf 89' lang='lat' dir='ltr'><strong>lo·</strong></span> <span class='ocrx_word' id='word_1_66' title='bbox 1055 1118 1058 1137; x_wconf 91' lang='lat'><em>·</em></span> 
     </span>
     <span class='ocr_line' id='line_1_11' title="bbox 81 1189 1013 1292; baseline 0.007 -30"><span class='ocrx_word' id='word_1_67' title='bbox 81 1192 241 1290; x_wconf 30' lang='lat' dir='ltr'><strong>*quendi</strong></span> <span class='ocrx_word' id='word_1_68' title='bbox 271 1193 382 1266; x_wconf 91' lang='lat' dir='ltr'><strong>modo</strong></span> <span class='ocrx_word' id='word_1_69' title='bbox 415 1189 650 1268; x_wconf 84' lang='lat' dir='ltr'><strong>admiffuma</strong></span> <span class='ocrx_word' id='word_1_70' title='bbox 684 1189 771 1264; x_wconf 80' lang='lat' dir='ltr'><strong>neo.</strong></span> <span class='ocrx_word' id='word_1_71' title='bbox 802 1207 1013 1292; x_wconf 84' lang='lat' dir='ltr'><strong>correptus.</strong></span> 
     </span>
     <span class='ocr_line' id='line_1_12' title="bbox 100 1293 1014 1381; baseline -0.001 -11"><span class='ocrx_word' id='word_1_72' title='bbox 100 1317 173 1370; x_wconf 90' lang='lat' dir='ltr'><strong>nec</strong></span> <span class='ocrx_word' id='word_1_73' title='bbox 203 1293 391 1381; x_wconf 87' lang='lat' dir='ltr'><strong>turbatus,</strong></span> <span class='ocrx_word' id='word_1_74' title='bbox 416 1316 485 1369; x_wconf 85' lang='lat' dir='ltr'><strong>nec</strong></span> <span class='ocrx_word' id='word_1_75' title='bbox 517 1293 786 1379; x_wconf 81' lang='lat' dir='ltr'><strong>consternatus,</strong></span> <span class='ocrx_word' id='word_1_76' title='bbox 799 1315 868 1366; x_wconf 92' lang='lat' dir='ltr'><strong>nec</strong></span> <span class='ocrx_word' id='word_1_77' title='bbox 895 1295 1014 1379; x_wconf 85' lang='lat' dir='ltr'><strong>animo</strong></span> 
     </span>
     <span class='ocr_line' id='line_1_13' title="bbox 100 1391 1014 1494; baseline -0.001 -25"><span class='ocrx_word' id='word_1_78' title='bbox 100 1394 263 1494; x_wconf 73' lang='lat' dir='ltr'><strong>dejettus</strong></span> <span class='ocrx_word' id='word_1_79' title='bbox 292 1393 370 1470; x_wconf 88' lang='lat' dir='ltr'><strong>est:</strong></span> <span class='ocrx_word' id='word_1_80' title='bbox 411 1394 471 1469; x_wconf 86' lang='lat' dir='ltr'><strong>sed</strong></span> <span class='ocrx_word' id='word_1_81' title='bbox 493 1392 527 1467; x_wconf 85' lang='lat' dir='ltr'><strong>se</strong></span> <span class='ocrx_word' id='word_1_82' title='bbox 556 1391 671 1492; x_wconf 82' lang='lat' dir='ltr'><strong>ipsum</strong></span> <span class='ocrx_word' id='word_1_83' title='bbox 700 1393 826 1468; x_wconf 86' lang='lat' dir='ltr'><strong>animo</strong></span> <span class='ocrx_word' id='word_1_84' title='bbox 856 1393 984 1470; x_wconf 84' lang='lat' dir='ltr'><strong>denus</strong></span> <span class='ocrx_word' id='word_1_85' title='bbox 985 1409 1014 1483; x_wconf 91' lang='lat' dir='ltr'><strong>t</strong></span> 
     </span>
     <span class='ocr_line' id='line_1_14' title="bbox 101 1491 1017 1594; baseline -0.004 -21"><span class='ocrx_word' id='word_1_86' title='bbox 101 1495 143 1573; x_wconf 74' lang='grc' dir='ltr'><strong>δι</strong></span> <span class='ocrx_word' id='word_1_87' title='bbox 168 1519 215 1570; x_wconf 87' lang='lat' dir='ltr'><strong>ex</strong></span> <span class='ocrx_word' id='word_1_88' title='bbox 239 1496 369 1571; x_wconf 90' lang='lat' dir='ltr'><strong>intimo</strong></span> <span class='ocrx_word' id='word_1_89' title='bbox 407 1495 515 1571; x_wconf 87' lang='lat' dir='ltr'><strong>corde</strong></span> <span class='ocrx_word' id='word_1_90' title='bbox 545 1495 683 1580; x_wconf 90' lang='lat' dir='ltr'><strong>doluit,</strong></span> <span class='ocrx_word' id='word_1_91' title='bbox 715 1493 910 1594; x_wconf 80' lang='lat' dir='ltr'><strong>inquiens:</strong></span> <span class='ocrx_word' id='word_1_92' title='bbox 949 1491 1017 1593; x_wconf 76' lang='lat' dir='ltr'><strong>Ipsa</strong></span> 
     </span>
     <span class='ocr_line' id='line_1_15' title="bbox 99 1594 1022 1694; baseline 0.003 -22"><span class='ocrx_word' id='word_1_93' title='bbox 99 1619 150 1672; x_wconf 85' lang='lat' dir='ltr'><strong>mr</strong></span> <span class='ocrx_word' id='word_1_94' title='bbox 177 1594 386 1692; x_wconf 80' lang='lat' dir='ltr'><em>reprehendo,</em></span> <span class='ocrx_word' id='word_1_95' title='bbox 423 1595 464 1673; x_wconf 67' lang='grc' dir='ltr'><strong>δι’</strong></span> <span class='ocrx_word' id='word_1_96' title='bbox 492 1620 557 1694; x_wconf 85' lang='lat' dir='ltr'><strong>ago</strong></span> <span class='ocrx_word' id='word_1_97' title='bbox 577 1597 839 1692; x_wconf 66' lang='lat' dir='ltr'><strong>paenitentiam</strong></span> <span class='ocrx_word' id='word_1_98' title='bbox 824 1597 1022 1694; x_wconf 68' lang='lat' dir='ltr'><strong>ansavilla,</strong></span> 
     </span>
     <span class='ocr_line' id='line_1_16' title="bbox 99 1692 685 1798; baseline 0 -25"><span class='ocrx_word' id='word_1_99' title='bbox 99 1692 278 1773; x_wconf 76' lang='lat' dir='ltr'><strong>&amp;cinere</strong></span> <span class='ocrx_word' id='word_1_100' title='bbox 303 1699 420 1796; x_wconf 73' lang='lat' dir='ltr'><strong>(cop</strong></span> <span class='ocrx_word' id='word_1_101' title='bbox 446 1722 510 1798; x_wconf 83' lang='lat'><strong>42.</strong></span> <span class='ocrx_word' id='word_1_102' title='bbox 534 1721 568 1774; x_wconf 87' lang='lat' dir='ltr'><strong><em>v</em></strong></span> <span class='ocrx_word' id='word_1_103' title='bbox 593 1702 628 1773; x_wconf 83' lang='lat'>6</span> <span class='ocrx_word' id='word_1_104' title='bbox 654 1697 685 1795; x_wconf 84' lang='lat'><strong><em>)</em></strong></span> 
     </span>
    </p>
   </div>
   <div class='ocr_carea' id='block_1_3' title="bbox 94 1895 1059 3498">
    <p class='ocr_par' dir='ltr' id='par_1_3' title="bbox 95 1895 1020 3498">
     <span class='ocr_line' id='line_1_17' title="bbox 102 1895 1017 2061; baseline 0.001 -85"><span class='ocrx_word' id='word_1_105' title='bbox 102 1902 167 1994; x_wconf 79' lang='lat'><strong>⁶3</strong></span> <span class='ocrx_word' id='word_1_106' title='bbox 154 1895 439 2061; x_wconf 69' lang='lat' dir='ltr'><strong>Mourena</strong></span> <span class='ocrx_word' id='word_1_107' title='bbox 463 1899 701 1978; x_wconf 74' lang='lat' dir='ltr'><strong>San-arnum</strong></span> <span class='ocrx_word' id='word_1_108' title='bbox 758 1896 860 1976; x_wconf 86' lang='lat' dir='ltr'><strong>Ante</strong></span> <span class='ocrx_word' id='word_1_109' title='bbox 895 1899 1017 1978; x_wconf 90' lang='lat' dir='ltr'><strong>omnia</strong></span> 
     </span>
     <span class='ocr_line' id='line_1_18' title="bbox 304 2002 1016 2090; baseline 0.004 -16"><span class='ocrx_word' id='word_1_110' title='bbox 304 2002 474 2077; x_wconf 89' lang='lat' dir='ltr'><strong>attendat</strong></span> <span class='ocrx_word' id='word_1_111' title='bbox 496 2002 607 2077; x_wconf 77' lang='lat' dir='ltr'><strong>dirett</strong></span> <span class='ocrx_word' id='word_1_112' title='bbox 591 2007 668 2090; x_wconf 83' lang='lat' dir='ltr'><strong>tor,</strong></span> <span class='ocrx_word' id='word_1_113' title='bbox 698 2024 746 2075; x_wconf 91' lang='lat' dir='ltr'><strong>ne</strong></span> <span class='ocrx_word' id='word_1_114' title='bbox 783 2003 924 2079; x_wconf 85' lang='lat' dir='ltr'><strong>animae</strong></span> <span class='ocrx_word' id='word_1_115' title='bbox 964 2003 1016 2078; x_wconf 88' lang='lat' dir='ltr'><strong>iu·</strong></span> 
     </span>
     <span class='ocr_line' id='line_1_19' title="bbox 100 2095 1016 2199; baseline 0.004 -23"><span class='ocrx_word' id='word_1_116' title='bbox 100 2101 274 2199; x_wconf 87' lang='lat' dir='ltr'><strong>gentibus</strong></span> <span class='ocrx_word' id='word_1_117' title='bbox 299 2124 345 2178; x_wconf 89' lang='lat' dir='ltr'><strong>ac</strong></span> <span class='ocrx_word' id='word_1_118' title='bbox 368 2101 529 2178; x_wconf 87' lang='lat' dir='ltr'><strong>molestis</strong></span> <span class='ocrx_word' id='word_1_119' title='bbox 566 2095 798 2180; x_wconf 77' lang='lat' dir='ltr'><strong>ariditatibus</strong></span> <span class='ocrx_word' id='word_1_120' title='bbox 829 2104 1016 2180; x_wconf 86' lang='lat' dir='ltr'><strong>exomcia·</strong></span> 
     </span>
     <span class='ocr_line' id='line_1_20' title="bbox 101 2202 1059 2298; baseline 0.002 -18"><span class='ocrx_word' id='word_1_121' title='bbox 101 2215 154 2280; x_wconf 75' lang='lat' dir='ltr'><strong>ta</strong></span> <span class='ocrx_word' id='word_1_122' title='bbox 187 2202 379 2279; x_wconf 85' lang='lat' dir='ltr'><strong>consuetas</strong></span> <span class='ocrx_word' id='word_1_123' title='bbox 406 2206 611 2292; x_wconf 87' lang='lat' dir='ltr'><strong>orationes,</strong></span> <span class='ocrx_word' id='word_1_124' title='bbox 645 2203 875 2298; x_wconf 76' lang='lat' dir='ltr'><strong>frequentem</strong></span> <span class='ocrx_word' id='word_1_125' title='bbox 903 2203 1059 2282; x_wconf 71' lang='lat' dir='ltr'><strong>sacra·¹</strong></span> 
     </span>
     <span class='ocr_line' id='line_1_21' title="bbox 99 2303 1015 2402; baseline 0.001 -20"><span class='ocrx_word' id='word_1_126' title='bbox 99 2319 308 2382; x_wconf 86' lang='lat' dir='ltr'><strong>mentorum</strong></span> <span class='ocrx_word' id='word_1_127' title='bbox 335 2303 458 2395; x_wconf 90' lang='lat' dir='ltr'><strong>usum,</strong></span> <span class='ocrx_word' id='word_1_128' title='bbox 482 2303 735 2382; x_wconf 67' lang='lat' dir='ltr'><strong>afflitmtiones</strong></span> <span class='ocrx_word' id='word_1_129' title='bbox 764 2307 951 2402; x_wconf 76' lang='lat' dir='ltr'><strong>corporiS,</strong></span> <span class='ocrx_word' id='word_1_130' title='bbox 975 2328 1015 2383; x_wconf 79' lang='lat' dir='ltr'><strong>aa</strong></span> 
     </span>
     <span class='ocr_line' id='line_1_22' title="bbox 99 2406 1016 2484; baseline -0.001 -1"><span class='ocrx_word' id='word_1_131' title='bbox 99 2406 296 2484; x_wconf 84' lang='lat' dir='ltr'><strong>solidarum</strong></span> <span class='ocrx_word' id='word_1_132' title='bbox 318 2408 498 2484; x_wconf 90' lang='lat' dir='ltr'><strong>virtutum</strong></span> <span class='ocrx_word' id='word_1_133' title='bbox 511 2407 814 2483; x_wconf 82' lang='lat' dir='ltr'><strong>exercitationem</strong></span> <span class='ocrx_word' id='word_1_134' title='bbox 834 2407 1016 2483; x_wconf 84' lang='lat' dir='ltr'><strong>intermit·</strong></span> 
     </span>
     <span class='ocr_line' id='line_1_23' title="bbox 102 2506 1015 2606; baseline 0.002 -23"><span class='ocrx_word' id='word_1_135' title='bbox 102 2520 207 2600; x_wconf 84' lang='lat' dir='ltr'><strong>tant3</strong></span> <span class='ocrx_word' id='word_1_136' title='bbox 239 2526 467 2606; x_wconf 78' lang='lat' dir='ltr'><strong>‘quaecunque</strong></span> <span class='ocrx_word' id='word_1_137' title='bbox 495 2508 645 2585; x_wconf 86' lang='lat' dir='ltr'><strong>demum</strong></span> <span class='ocrx_word' id='word_1_138' title='bbox 681 2506 741 2582; x_wconf 92' lang='lat' dir='ltr'><strong>vel</strong></span> <span class='ocrx_word' id='word_1_139' title='bbox 771 2507 1015 2606; x_wconf 80' lang='lat' dir='ltr'><strong>repugnantia</strong></span> 
     </span>
     <span class='ocr_line' id='line_1_24' title="bbox 100 2607 1016 2688; baseline -0.001 -4"><span class='ocrx_word' id='word_1_140' title='bbox 100 2609 162 2684; x_wconf 86' lang='lat' dir='ltr'><strong>vel</strong></span> <span class='ocrx_word' id='word_1_141' title='bbox 195 2608 347 2685; x_wconf 82' lang='lat' dir='ltr'><strong>difficolt</strong></span> <span class='ocrx_word' id='word_1_142' title='bbox 333 2624 391 2686; x_wconf 87' lang='lat' dir='ltr'><strong>tas</strong></span> <span class='ocrx_word' id='word_1_143' title='bbox 418 2634 482 2687; x_wconf 87' lang='lat' dir='ltr'><strong>eas</strong></span> <span class='ocrx_word' id='word_1_144' title='bbox 519 2610 713 2687; x_wconf 88' lang='lat' dir='ltr'><strong>absterrere</strong></span> <span class='ocrx_word' id='word_1_145' title='bbox 732 2607 792 2685; x_wconf 91' lang='lat' dir='ltr'><strong>vel</strong></span> <span class='ocrx_word' id='word_1_146' title='bbox 829 2611 1016 2688; x_wconf 85' lang='lat' dir='ltr'><strong>retardare</strong></span> 
     </span>
     <span class='ocr_line' id='line_1_25' title="bbox 98 2709 1016 2826; baseline 0.003 -42"><span class='ocrx_word' id='word_1_147' title='bbox 98 2709 263 2785; x_wconf 84' lang='lat' dir='ltr'><strong>nitatur:</strong></span> <span class='ocrx_word' id='word_1_148' title='bbox 305 2714 392 2808; x_wconf 88' lang='lat' dir='ltr'><strong>quia</strong></span> <span class='ocrx_word' id='word_1_149' title='bbox 430 2712 470 2788; x_wconf 89' lang='lat' dir='ltr'><strong>in</strong></span> <span class='ocrx_word' id='word_1_150' title='bbox 500 2713 570 2788; x_wconf 85' lang='lat' dir='ltr'><strong>hoe</strong></span> <span class='ocrx_word' id='word_1_151' title='bbox 591 2709 799 2826; x_wconf 78' lang='lat' dir='ltr'><strong>profettus</strong></span> <span class='ocrx_word' id='word_1_152' title='bbox 791 2731 922 2816; x_wconf 88' lang='lat' dir='ltr'><strong>earum</strong></span> <span class='ocrx_word' id='word_1_153' title='bbox 937 2709 1016 2787; x_wconf 89' lang='lat' dir='ltr'><strong>sub-</strong></span> 
     </span>
     <span class='ocr_line' id='line_1_26' title="bbox 101 2808 1015 2930; baseline 0.003 -45"><span class='ocrx_word' id='word_1_154' title='bbox 101 2809 235 2886; x_wconf 87' lang='lat' dir='ltr'><strong>stantia</strong></span> <span class='ocrx_word' id='word_1_155' title='bbox 260 2811 434 2900; x_wconf 74' lang='lat' dir='ltr'><strong>consistit,</strong></span> <span class='ocrx_word' id='word_1_156' title='bbox 473 2811 514 2889; x_wconf 77' lang='grc' dir='ltr'><strong>δι</strong></span> <span class='ocrx_word' id='word_1_157' title='bbox 523 2811 762 2930; x_wconf 84' lang='lat' dir='ltr'><strong>neutiquam</strong></span> <span class='ocrx_word' id='word_1_158' title='bbox 790 2808 829 2886; x_wconf 89' lang='lat' dir='ltr'><strong>in</strong></span> <span class='ocrx_word' id='word_1_159' title='bbox 861 2833 1015 2926; x_wconf 78' lang='lat' dir='ltr'><strong>reeupe-</strong></span> 
     </span>
     <span class='ocr_line' id='line_1_27' title="bbox 94 2910 1014 3028; baseline 0.001 -41.001"><span class='ocrx_word' id='word_1_160' title='bbox 94 2912 243 2987; x_wconf 76' lang='lat' dir='ltr'><strong>‘ratione</strong></span> <span class='ocrx_word' id='word_1_161' title='bbox 262 2912 413 3010; x_wconf 77' lang='lat' dir='ltr'><strong>jucundi</strong></span> <span class='ocrx_word' id='word_1_162' title='bbox 434 2912 530 2991; x_wconf 85' lang='lat'>&amp;</span> <span class='ocrx_word' id='word_1_163' title='bbox 497 2916 556 3012; x_wconf 89' lang='lat' dir='ltr'><strong>pri</strong></span> <span class='ocrx_word' id='word_1_164' title='bbox 576 2911 656 2991; x_wconf 86' lang='lat' dir='ltr'><strong>sens</strong></span> <span class='ocrx_word' id='word_1_165' title='bbox 653 2936 723 3000; x_wconf 88' lang='lat' dir='ltr'><strong>us‚·</strong></span> <span class='ocrx_word' id='word_1_166' title='bbox 742 2913 788 2986; x_wconf 92' lang='lat' dir='ltr'><strong>de</strong></span> <span class='ocrx_word' id='word_1_167' title='bbox 811 2910 920 3010; x_wconf 74' lang='lat' dir='ltr'><strong>quus</strong></span> <span class='ocrx_word' id='word_1_168' title='bbox 941 2914 1014 3028; x_wconf 77' lang='lat' dir='ltr'><strong>pri·</strong></span> 
     </span>
     <span class='ocr_line' id='line_1_28' title="bbox 98 3010 1014 3128; baseline -0.003 -37"><span class='ocrx_word' id='word_1_169' title='bbox 98 3012 248 3091; x_wconf 87' lang='lat' dir='ltr'><strong>vatione</strong></span> <span class='ocrx_word' id='word_1_170' title='bbox 274 3029 464 3114; x_wconf 89' lang='lat' dir='ltr'><strong>tantopere</strong></span> <span class='ocrx_word' id='word_1_171' title='bbox 485 3016 622 3090; x_wconf 88' lang='lat' dir='ltr'><strong>dolent</strong></span> <span class='ocrx_word' id='word_1_172' title='bbox 670 3010 862 3128; x_wconf 79' lang='lat' dir='ltr'><strong>Invigilat,</strong></span> <span class='ocrx_word' id='word_1_173' title='bbox 904 3028 948 3090; x_wconf 93' lang='lat' dir='ltr'><strong>ut</strong></span> <span class='ocrx_word' id='word_1_174' title='bbox 975 3014 1014 3088; x_wconf 88' lang='lat' dir='ltr'><strong>in</strong></span> 
     </span>
     <span class='ocr_line' id='line_1_29' title="bbox 98 3113 1016 3216; baseline 0 -26"><span class='ocrx_word' id='word_1_175' title='bbox 98 3113 278 3216; x_wconf 84' lang='lat' dir='ltr'><strong>profunda</strong></span> <span class='ocrx_word' id='word_1_176' title='bbox 314 3115 364 3191; x_wconf 86' lang='lat' dir='ltr'><strong>sui</strong></span> <span class='ocrx_word' id='word_1_177' title='bbox 396 3115 552 3212; x_wconf 82' lang='lat' dir='ltr'><strong>ipsarum</strong></span> <span class='ocrx_word' id='word_1_178' title='bbox 597 3114 807 3211; x_wconf 87' lang='lat' dir='ltr'><strong>cognitione</strong></span> <span class='ocrx_word' id='word_1_179' title='bbox 837 3115 1016 3190; x_wconf 86' lang='lat' dir='ltr'><strong>continuo</strong></span> 
     </span>
     <span class='ocr_line' id='line_1_30' title="bbox 97 3215 1017 3314; baseline -0.004 -20"><span class='ocrx_word' id='word_1_180' title='bbox 97 3215 135 3294; x_wconf 81' lang='lat' dir='ltr'><strong>se</strong></span> <span class='ocrx_word' id='word_1_181' title='bbox 162 3217 284 3313; x_wconf 84' lang='lat' dir='ltr'><strong>magis</strong></span> <span class='ocrx_word' id='word_1_182' title='bbox 307 3220 543 3313; x_wconf 87' lang='lat' dir='ltr'><strong>demergant,</strong></span> <span class='ocrx_word' id='word_1_183' title='bbox 575 3229 689 3314; x_wconf 90' lang='lat' dir='ltr'><strong>utque</strong></span> <span class='ocrx_word' id='word_1_184' title='bbox 729 3216 844 3291; x_wconf 89' lang='lat' dir='ltr'><strong>vilem</strong></span> <span class='ocrx_word' id='word_1_185' title='bbox 875 3215 972 3291; x_wconf 87' lang='lat' dir='ltr'><strong>sui</strong></span> <span class='ocrx_word' id='word_1_186' title='bbox 962 3238 1017 3313; x_wconf 84' lang='lat' dir='ltr'><strong>rp-</strong></span> 
     </span>
     <span class='ocr_line' id='line_1_31' title="bbox 96 3315 1017 3407; baseline -0.007 -8"><span class='ocrx_word' id='word_1_187' title='bbox 96 3315 218 3404; x_wconf 77' lang='lat' dir='ltr'><strong>satum</strong></span> <span class='ocrx_word' id='word_1_188' title='bbox 237 3317 551 3407; x_wconf 77' lang='lat' dir='ltr'><strong>existimationem</strong></span> <span class='ocrx_word' id='word_1_189' title='bbox 568 3342 617 3399; x_wconf 81' lang='lat' dir='ltr'><strong>ex</strong></span> <span class='ocrx_word' id='word_1_190' title='bbox 639 3317 772 3398; x_wconf 86' lang='lat' dir='ltr'><strong>usuata</strong></span> <span class='ocrx_word' id='word_1_191' title='bbox 800 3318 901 3395; x_wconf 88' lang='lat' dir='ltr'><strong>hoc</strong></span> <span class='ocrx_word' id='word_1_192' title='bbox 890 3341 933 3394; x_wconf 85' lang='lat' dir='ltr'><strong>ru</strong></span> <span class='ocrx_word' id='word_1_193' title='bbox 946 3316 1017 3394; x_wconf 91' lang='lat' dir='ltr'><strong>sta·</strong></span> 
     </span>
     <span class='ocr_line' id='line_1_32' title="bbox 173 3430 973 3498; baseline -0.004 -10"><span class='ocrx_word' id='word_1_194' title='bbox 173 3483 176 3488; x_wconf 86' lang='lat'><em>.</em></span> <span class='ocrx_word' id='word_1_195' title='bbox 226 3478 241 3495; x_wconf 85' lang='lat'><strong>..</strong></span> <span class='ocrx_word' id='word_1_196' title='bbox 509 3474 532 3487; x_wconf 79' lang='grc'><strong>.,</strong></span> <span class='ocrx_word' id='word_1_197' title='bbox 577 3478 590 3485; x_wconf 92' lang='grc'><strong>..</strong></span> <span class='ocrx_word' id='word_1_198' title='bbox 628 3478 654 3487; x_wconf 73' lang='grc'><strong>.,</strong></span> <span class='ocrx_word' id='word_1_199' title='bbox 926 3430 973 3498; x_wconf 87' lang='lat' dir='ltr'><strong>tu</strong></span> 
     </span>
    </p>
   </div>
   <div class='ocr_carea' id='block_1_4' title="bbox 0 0 1114 3870">
    <p class='ocr_par' dir='ltr' id='par_1_4' title="bbox 0 0 1114 3870">
     <span class='ocr_line' id='line_1_33' title="bbox 0 0 1114 3870; baseline 0 0"><span class='ocrx_word' id='word_1_200' title='bbox 0 0 1114 3870; x_wconf 95' lang='lat' dir='ltr'><strong> </strong></span> 
     </span>
    </p>
   </div>
  </div>
 </body>
</html>
