2100 3870
251 227 357 290 vera
392 189 656 290 revelationis.
872 205 969 322 267
1025 260 1030 269 ·

68 387 144 441 mm
180 361 355 464 ejusmodi
392 363 659 438 revelationum
680 358 765 440 casu
787 361 972 459 intelligas

68 466 187 543 velim,
250 466 334 543 Hoc
366 463 591 539 solummodo
628 464 734 552 dico,
759 466 872 560 quod.
890 486 973 561 pro·

67 567 218 668 photiae,
243 565 269 642 {i
295 565 468 641 notabilis
493 565 566 641 illis
590 590 666 645 non
690 564 773 643 infit
804 564 972 656 utilitas,

68 694 130 744 nec
153 667 246 766 justa
270 667 536 742 convenientiae
561 667 655 741 ratio
682 668 807 756 detur,
832 665 973 743 nullam

68 769 175 948 ξω
210 780 443 859 mereantur,
474 768 682 868 praecipue,
706 768 733 847 st
762 769 979 875 frequentes

77 1099 147 1172 231.
253 1095 366 1167 onum
391 1070 568 1153 indicium
593 1070 636 1149 srt
660 1071 840 1173 profunda
852 1074 976 1153 hunri-

274 1174 374 1251 litas.
426 1175 564 1264 Video,
590 1178 697 1271 quod,
711 1177 783 1253 hoc
807 1200 977 1255 verrere·

73 1272 260 1356 velationis
286 1274 444 1372 sgnum,
470 1290 597 1374 utpote
624 1299 700 1374 prae
725 1279 895 1357 omnibus
909 1280 977 1357 uli·

73 1378 395 1467 issecurilsnnum,
419 1379 517 1474 quod
542 1377 664 1455 versus
687 1378 799 1455 linem
813 1403 977 1476 appono,

90 1484 224 1557 timum
240 1479 312 1553 hoc
323 1481 441 1578 capite
459 1480 583 1556 locum
604 1479 788 1576 exegisset,
839 1480 977 1565 Verum

72 1503 131 1660 irc
146 1584 233 1659 vice
247 1580 350 1669 volo,
372 1581 530 1657 utlocus
554 1564 706 1659 ultimus
727 1580 915 1682 (proutin
927 1582 979 1659 ci·

76 1686 197 1763 vilibus
226 1682 320 1777 saepe
344 1680 564 1782 contingit)
590 1683 628 1761 δι
654 1683 912 1771 nobilillimuS,
937 1683 978 1761 ὅτ

71 1782 441 1863 honorificentiffimos
467 1783 526 1859 srt:
545 1785 632 1879 quia
655 1786 977 1867 reverarevelati·

73 1913 176 1965 mum
202 1884 344 1983 spiritui
375 1885 467 1959 nihil
501 1885 622 1981 magis
654 1888 840 1987 proprium
865 1911 977 1984 quam

70 1991 264 2091 profunda,
287 1985 325 2063 dt
354 1985 489 2062 srncera
514 1986 717 2064 humilitas.
764 1990 839 2067 Hic
863 2003 978 2081 nota,

70 2095 160 2189 quod
196 2089 369 2191 Jeremiae
407 2087 523 2163 menti
555 2089 620 2164 vix
650 2092 791 2187 primus
823 2093 978 2192 prophe·

70 2197 126 2271 tire
151 2193 283 2270 radius
309 2189 493 2277 illuxerit,
518 2212 591 2284 quo
613 2191 719 2269 Deus
745 2191 849 2267 illum
861 2207 905 2269 ut
921 2193 978 2271 su·

71 2320 129 2372 um
162 2290 385 2393 prophetam
417 2289 634 2378 declaravit,
654 2290 980 2371 &sanititatemin

73 2412 233 2473 materno
257 2392 333 2489 jam
355 2405 460 2468 utero
486 2391 711 2490 impertitam
736 2394 772 2468 ei
790 2393 979 2470 indicavit.

72 2496 271 2594 Priusquam
306 2504 337 2567 te
367 2495 548 2589 fhrmarem
573 2496 608 2568 in
633 2505 745 2583 utero,
770 2495 848 2567 novi
871 2492 981 2583 tm&

68 2615 238 2697 antequam
264 2596 370 2669 exires
394 2593 433 2668 de
456 2592 557 2668 volva
570 2592 776 2693 standiſscmi
788 2607 829 2680 te,
852 2593 983 2693 &pro-

67 2700 191 2800 phetam
218 2707 254 2778 in
277 2692 428 2792 gentibus
450 2696 525 2771 dedi
548 2710 598 2778 ter
624 2718 710 2772 cum
745 2720 861 2796 ocyus
895 2721 981 2796 pro-

68 2803 176 2881 funde
214 2799 250 2875 se
286 2797 476 2887 humiliat,
520 2796 561 2874 dc
594 2797 795 2887 infantem,
827 2800 890 2896 qui
911 2824 981 2878 nec

68 2903 243 3003 syllabam
267 2899 426 2998 proferre
450 2898 576 2985 novit,
607 2898 642 2975 se
666 2900 852 2977 nominat:
912 2900 983 2977 Di·

69 3011 104 3082 κε’
124 3007 175 3085 A.
203 3001 253 3081 A.-
276 3006 325 3083 A.
367 2998 509 3074 Domine
541 2996 635 3073 Deus
658 3025 765 3090 meus,
784 3027 849 3076 ecce
881 3002 999 3100 nescio·

72 3109 157 3204 loqui
169 3164 179 3196 ,
205 3107 284 3201 quio
304 3127 388 3200 puer
411 3125 470 3197 ego
487 3099 577 3196 snm.
628 3101 844 3193 Consrderu,
882 3107 983 3200 quod

72 3207 179 3288 llaias
214 3206 263 3282 ad
296 3204 485 3282 sublimem
508 3200 612 3277 illam
635 3203 827 3291 visionem,
868 3226 981 3299 quam

13 3344 29 3397 ·.,
73 3307 129 3385 bis
154 3308 276 3387 verbis
302 3304 488 3381 describit:
544 3301 630 3379 Vidi
664 3302 844 3380 Dominum
866 3304 985 3401 sedat·

12 3382 29 3489 i
76 3420 133 3490 lm
155 3409 261 3514 super
276 3406 404 3511 solium.
423 3401 677 3506 excelsum..&-
693 3403 850 3487 etenum
880 3439 943 3552 ξι·
965 3444 988 3471 ι
