2100 3870
88 181 287 280 aeuum
319 171 472 314 abfefflo
505 173 712 278 daemois·=
800 162 920 304 Ι’97

88 351 214 453 poffit',
238 375 314 428 non
336 347 498 434 sufficiat,
515 349 622 446 quod,
638 349 812 427 inimicus
823 373 904 456 cor·

88 455 170 554 ejus
195 452 441 550 ingrediatur,
465 449 504 526 &
526 450 657 527 noxios
683 446 906 530 aeternaee·

76 554 184 634 saluti
209 551 357 630 effestus
381 552 432 627 ibi
458 555 657 648 producat3
681 551 785 630 secus
804 554 906 632 enim

73 681 125 733 res
156 680 226 733 nos
258 653 496 750 energumeni
533 651 714 730 essemus:
749 678 835 733 cum
864 656 907 734 in

73 759 186 835 »orbe
205 757 366 858 reperire
395 755 565 831 nouerit
598 756 807 848 hominem,
841 781 907 835 cu·

90 881 219 959 corpus
254 857 393 957 stygius
430 869 616 933 veterator
647 880 722 933 non
756 857 906 936 subinde

73 961 246 1045 rediatur,-
283 974 326 1036 ut
364 980 429 1055 per
463 953 675 1033 vitiosomm
708 957 910 1057 humomm

73 1063 302 1144 motionem,
327 1058 366 1135 &
391 1080 588 1157 pravarum
610 1080 656 1134 ac
681 1056 909 1140 scelestarum

73 1164 194 1240 :ierom
219 1161 482 1239 excitationem
506 1160 588 1234 tuas
613 1160 665 1236 ibi
690 1161 910 1253 technassn·

73 1280 123 1340 :et
170 1263 409 1340 Daemoniaca
435 1259 591 1359 possessio
616 1256 908 1360 plura:‘requirit‚

73 1363 201 1442 scilicet
223 1366 371 1440 daemon
396 1388 471 1437 non
496 1362 607 1436 modo
632 1385 765 1462 corpus
787 1366 909 1461 ingre·

73 1476 142 1557 tur,
176 1465 237 1542 sed
269 1465 308 1542 ὅ(
333 1464 385 1540 ibi
410 1461 445 1538 se
471 1464 636 1540 detineat
667 1487 754 1540 cum
792 1465 913 1542 domi-

89 1568 125 1646 in
147 1567 259 1655 illud,
284 1565 323 1642 &
348 1587 433 1638 cum
460 1564 636 1662 potestate
661 1564 706 1640 de
729 1564 811 1664 ejus
833 1567 912 1645 sen·

73 1686 124 1757 u,
157 1667 444 1746 &humoribus
470 1663 498 1759 (
523 1668 759 1764 permittente
783 1680 912 1748 tamen

73 1790 87 1841 r
108 1772 124 1866 )
147 1771 196 1847 ad
220 1769 367 1846 libitum
392 1764 614 1865 disponendi.
666 1767 722 1844 lta
749 1769 788 1845 S.
811 1769 912 1845 'sho-

73 1890 97 1946 u.
121 1867 310 1972 (Quodsib.
328 1893 360 1945 1.
386 1883 452 1942 ort.
461 1872 535 1966 4.)
560 1865 615 1943 Itu
642 1881 681 1942 ut
693 1895 752 1966 per
767 1871 911 1968 operosi·

73 1996 178 2046 onon
201 1971 402 2068 intelligatur
417 1968 495 2066 sola
519 1971 644 2050 motio,-
659 1967 724 2069 sed
763 1994 914 2067 quocun·

92 2075 210 2162 unitio,
234 2095 300 2168 qua
314 2066 381 2168 suo
407 2074 528 2146 virtute
543 2066 585 2170 se
607 2074 735 2169 corpori
747 2076 916 2172 unimore-

73 2174 153 2264 nto,
187 2172 239 2248 uei
265 2171 465 2247 continendo.
545 2173 603 2248 En
633 2175 671 2248 S.
699 2175 832 2250 Dotion
866 2176 916 2252 ad

73 2272 243 2352 sessionem
269 2273 539 2350 daemoniacam
565 2275 734 2368 requirit,
760 2289 802 2350 ut
835 2275 916 2352 dia·

73 2398 113 2452 uu
133 2377 275 2475 corpori
300 2375 474 2461 uniatur,
511 2373 717 2472 praesideam
751 2375 915 2470 illudque

73 2481 210 2567 stimat,
236 2475 296 2552 seu
323 2476 386 2551 fibi
399 2473 593 2572 subjestum
605 2476 801 2550 teneat:id
818 2477 918 2570 quod

73 2581 104 2656 td
128 2604 203 2654 non
229 2579 291 2666 est,
319 2599 432 2673 quam
458 2576 661 2673 supremam
687 2574 786 2673 quasi
809 2577 850 2652 in
872 2578 918 2658 il·

93 2680 308 2780 potestatem
333 2698 526 2755 exercere,

81 2880 342 3048 Tyrannica
366 2878 468 2968 haec,
493 2899 607 2974 quam
630 2879 919 2965 daemonincor·

188 3006 277 3082 pora
303 2982 467 3057 humana
492 3003 516 3055 a
542 2979 576 3054 se
597 2978 738 3078 possessa
757 2997 916 3072 exercet,

73 3082 164 3160 estas
190 3108 238 3159 ex
276 3082 375 3159 sacra
411 3082 498 3157 novi
531 3081 738 3159 testamenti
771 3084 918 3158 historia

73 3183 193 3261 niseste
219 3184 419 3280 colligitur,
444 3179 694 3279 &speciatim
727 3206 774 3261 ex
805 3192 919 3280 puero

78 3344 88 3376 ‚
124 3310 148 3362 a
187 3286 409 3362 Redemtore
444 3281 463 3384 (
497 3280 625 3360 Mattio.
658 3310 713 3383 17.
740 3306 773 3356 v.
804 3285 917 3380 14.)

73 3399 180 3481 rato,
212 3407 342 3487 {quem
387 3388 536 3484 daemon
568 3386 683 3468 nodo
702 3385 751 3468 in.
767 3383 918 3480 igneo,
