2220 3870
113 119 189 224 nr
224 102 413 209 mac.
427 105 597 209 >onir
617 100 1019 251 moneamur

93 277 378 360 'dentisrffimam
418 276 458 356 br
486 300 711 377 magnopere
744 280 1064 367 exinanientem·

55 406 58 411 ·
109 381 347 468 veronen,
380 382 479 480 quod
504 385 629 459 anima
652 383 692 458 in
717 384 941 483 purgatione
962 388 1041 466 sen·

111 482 204 574 sus,
245 498 354 584 prout
367 549 372 562 ,
386 484 583 571 diximus,
626 507 691 581 per
718 486 931 583 complures
959 503 1042 569 tam

108 585 337 675 interiores,
377 606 490 680 quam
534 587 735 664 exteriores
775 586 1039 669 tribulationes

111 687 226 766 vilem
257 710 303 764 ac
328 686 530 785 depreffum·
557 690 604 762 de
636 685 671 762 se
701 687 775 783 ipsa
810 705 1038 791 conceptum

44 855 59 891 ⁶,
108 788 378 886 consequatur:
411 789 627 865 verumhic
649 789 860 864 nuliatenus
885 815 1039 895 compa·
1070 833 1072 837 ·

107 891 370 970 retineretur
399 912 486 989 cum
519 913 598 979 eo,
642 893 704 986 qui
736 890 774 987 in
810 898 1038 990 purgatione

107 991 256 1092 spiritus
276 992 510 1090 supervenit:
543 993 584 1070 in
607 991 680 1071 hac
700 993 801 1072 euim
826 1017 896 1091 per
919 993 1037 1075 aliam

104 1094 248 1191 absque
266 1091 541 1192 comparatione
569 1094 885 1192 penetrantiorem
908 1096 1036 1177 lucem

106 1195 402 1296 auima.apertis
441 1194 539 1290 quasi
583 1196 699 1270 oculis
724 1195 896 1273 intuetur
923 1198 1035 1281 suum

104 1297 298 1383 nihilum,
330 1294 414 1373 suos
438 1297 629 1386 defeitus,
667 1297 707 1374 bc
734 1295 815 1375 suas
846 1297 1034 1398 fragilita

106 1409 185 1475 tes:
207 1397 308 1475 unde
331 1396 370 1475 δι
394 1397 479 1475 vilis
505 1396 558 1474 sui
583 1395 693 1496 ipsius
710 1398 794 1475 idea
813 1399 958 1480 animae
975 1405 1031 1481 in·

103 1501 200 1579 tima
224 1497 423 1599 pervadit,
455 1499 495 1579 br
523 1502 617 1575 adeo
646 1499 784 1576 'alteia
812 1524 859 1578 ca
883 1505 1029 1587 radica·

102 1612 198 1690 tur,
223 1614 267 1677 ut
290 1621 481 1696 nunquam
509 1600 669 1700 amplius
692 1600 919 1696 evanescat,
950 1606 1029 1685 aui·

7 1701 11 1715 '
99 1722 280 1798 mamque
311 1702 398 1779 dein
432 1702 542 1800 longe
572 1700 763 1781 removeat
792 1705 838 1781 ab
869 1730 948 1799 eo,
985 1721 1028 1786 ut

101 1802 168 1885 sibi
189 1801 255 1901 ipsr
281 1818 417 1903 praeter
443 1805 610 1903 proprias
634 1803 797 1889 miserias
820 1808 1029 1906 quidquam

98 1905 292 1985 attribuat.
343 1904 427 1981 Hoc
448 1907 542 1992 adeo
557 1928 694 1984 ,verum
720 1904 793 1996 est,
818 1923 865 1984 ut
880 1908 931 1988 B.
950 1912 1028 1991 An·

101 2007 187 2106 gela
209 2007 257 2082 de
278 2005 448 2102 Fulginio
469 2007 547 2106 post
565 2019 775 2103 enarratam
798 2006 1028 2106 spiritualem

99 2107 205 2189 suam
228 2109 486 2208 purgationem
520 2133 650 2197 omnes
677 2109 758 2209 ejus
789 2111 911 2188 bonos
937 2115 1027 2193 effe·

9 2282 12 2284 ,
100 2209 182 2288 tius
202 2209 244 2286 in
267 2209 340 2286 bac
367 2209 516 2287 demiffa
537 2210 590 2288 sui
610 2212 822 2309 cognitione
843 2222 1027 2334 reponere

94 2313 298 2402 uideatur,
323 2313 414 2388 dum
431 2311 486 2389 ita
508 2310 631 2389 scribit
655 2337 665 2389 :
703 2310 756 2389 Et
775 2338 835 2410 per
861 2325 1028 2416 cognitio-

94 2437 169 2493 aem
188 2411 393 2512 offenstonum
407 2470 418 2504 ,
432 2410 487 2489 ,δ’
508 2414 686 2510 deseiiuam
707 2471 718 2503 ,
743 2438 840 2508 quam
853 2443 930 2515 per.
940 2445 1027 2519 prus

94 2514 216 2593 dietam
233 2512 463 2591 -tumitmrem
502 2519 612 2590 anime
645 2514 870 2614 adipiscitur,
915 2527 1028 2600 anima

91 2628 306 2716 purgatura
320 2611 498 2715 superbia,
525 2614 567 2693 ὅ
584 2642 607 2691 a
627 2616 824 2694 damonibus
836 2646 851 2701 ‚·
879 2619 925 2699 Θ
947 2651 1027 2723 pro-

91 2729 208 2816 pterea
224 2730 348 2814 quanto
373 2720 483 2793 animo
507 2723 616 2818 magis
641 2719 878 2817 complanata,
908 2724 952 2802 &
970 2728 1028 2804 de-

88 2833 295 2919 pauperata,
322 2818 364 2897 &
386 2818 618 2922 humiliatarst
644 2823 811 2919 inferius,
836 2818 936 2902 tanto
953 2853 1025 2904 mu·

88 2921 148 3018 gir
173 2931 333 3018 aptatur,
368 2920 409 2998 85
426 2935 597 3022 purgatur
615 2977 625 3010 ,
640 2921 696 3009 θ’
717 2922 947 3023 purificatur,
985 2941 1025 3008 ui

87 3024 200 3119 magis
219 3020 386 3100 elevetur-2
424 3029 503 3122 quia
527 3023 618 3111 ηαίὶα
640 3026 751 3099 animo
770 3030 875 3129 potest
901 3029 1022 3120 aliter,

31 3216 34 3221 Ι
87 3142 148 3199 nec
170 3121 248 3220 pius
267 3121 424 3217 rimari,
461 3127 522 3222 nist
542 3137 700 3222 quautam
729 3123 929 3208 humiliatur
942 3136 964 3222 ,'
979 3129 1023 3210 f}

85 3225 348 3323 profundioria
372 3224 556 3307 bumilitate
583 3229 833 3331 complanatur,
859 3229 906 3312 (3
930 3232 1021 3313 radt-

86 3337 197 3441 aaa.
244 3322 639 3463 mmemor.
715 3410 726 3465 ·.
752 3360 758 3371 ·

885 3445 976 3531 rao.
1069 3532 1073 3551 ,
