2100 3870
100 166 415 308 pragatioariem
447 152 698 285 ariditatum.
802 258 807 265 .
842 178 925 289 363

63 358 100 413 m
129 338 338 438 concipiam
364 349 431 414 aut
466 339 514 415 ob
534 339 700 438 proprias
727 335 855 425 saltem
886 361 929 413 a·

63 462 153 515 ones
182 439 247 517 sibl
270 465 345 517 non
372 440 532 538 placeat,
566 441 605 518 δι
619 441 660 517 se
679 437 756 541 ipso
775 451 930 515 couten-

63 564 110 630 s‚-
141 565 186 619 ac
216 542 342 617 animo
368 541 520 618 satiatus
545 542 673 623 vivat:
709 541 797 617 licet
828 539 930 617 caim

63 643 153 718 tinae
184 643 455 720 consolationes
478 642 618 742 semper
642 642 809 741 intetiori
840 662 933 736 qua·

63 767 104 819 m
142 744 350 822 demissione
382 746 524 843 stipatae
555 746 729 833 advenire
768 743 931 837 soleant3

63 847 211 922 ritualis
253 847 495 922 nihilominus
543 846 760 945 prospen'tas
789 845 936 933 debiles

63 946 157 1025 vstras
191 962 337 1024 mentes
368 947 584 1045 vesparum
612 948 673 1023 vel
704 948 865 1025 multum
874 945 934 1021 in·

63 1050 146 1125 riat.
196 1050 237 1125 Si
264 1072 352 1125 vero
384 1049 469 1123 dein
489 1049 642 1127 caelestis
673 1049 938 1146 gratiaesauo·

63 1174 101 1226 us
127 1152 168 1225 in
188 1151 350 1226 molesta
381 1151 564 1227 ariditatis
587 1149 749 1227 siccitate
766 1150 938 1229 animam'

63 1258 216 1350 up'erem
258 1252 510 1346 derelinquat,
548 1251 588 1329 &
622 1251 799 1329 subtralla
829 1249 936 1335 omni

63 1377 119 1439 ce,
156 1377 240 1443 eam
268 1353 378 1430 densa
399 1355 633 1431 tenebramm
647 1379 722 1431 nox
753 1351 933 1445 involvat;

63 1456 256 1539 actamnis
284 1479 386 1531 vana·
419 1456 708 1553 complacentia,
739 1453 781 1532 ,δι
808 1453 933 1531 omnis

63 1558 116 1633 ale
138 1556 295 1633 fundata
331 1555 523 1654 suiipsius
564 1558 784 1635 existimatio
815 1575 935 1654 ocyus

75 1670 208 1749 mente
252 1656 455 1733 evanescit:
493 1658 577 1735 aliis
599 1685 675 1735 non
702 1656 862 1756 amplius
895 1653 942 1751 sc⁴

63 1759 186 1853 aefert;
227 1759 348 1836 aliena
379 1783 488 1858 opera
513 1785 588 1837 non
614 1760 774 1858 amplius
800 1756 936 1857 dijudi-

63 1874 108 1938 t:
152 1884 223 1937 uec
238 1861 410 1938 aliorum
454 1859 555 1939 bono
586 1862 745 1961 amplius
771 1860 914 1937 invidet
923 1884 942 1953 ε,

63 1964 166 2059 quod
192 1964 370 2040 vanitatis
393 1960 560 2040 fomenta
583 1988 606 2041 e
634 1960 939 2061 mediojamsubs

63 2078 97 2141 ta
129 2064 210 2142 smt.
262 2065 362 2142 Hinc
387 2063 529 2142 santius
559 2066 823 2143 Bonaventura
847 2087 938 2147 con·

63 2167 161 2253 udit,
191 2168 290 2261 quod
319 2165 571 2263 hujuscemodi
604 2169 801 2244 animabus
821 2163 941 2255 sensi·¹

63 2268 103 2343 lis
122 2270 265 2365 gratiae
290 2268 474 2344 subdutlio
510 2268 572 2360 vel
588 2269 751 2345 maxime
776 2264 938 2343 neccssa-

63 2393 80 2445 a
114 2370 176 2459 fit,
214 2395 263 2445 ne
296 2368 344 2445 iis
388 2368 472 2467 ipsis
506 2367 668 2447 subsidiis
693 2367 817 2445 sensim
860 2367 935 2443 sme

63 2470 118 2549 osu
148 2473 188 2547 in
221 2471 365 2547 ruinam
397 2471 657 2559 deturbentur,
680 2471 814 2566 quibus
830 2469 935 2545 Deus

63 2580 84 2647 s'
115 2573 289 2673 perficere
321 2571 480 2651 volebat.
530 2569 574 2649 Si
596 2570 771 2668 consolatio
790 2568 935 2669 spiritu·

63 2671 975 2853 s

63 2876 238 2955 abstollitur
265 2902 361 2975 ergo,
400 2902 440 2950 ne
473 2880 633 2965 amittat,
657 2875 700 2954 θ’
720 2874 865 2975 perdat:
885 2878 938 2978 fi·

63 2991 192 3079 tpater
211 2983 352 3079 parvulo
378 2977 457 3081 filio
497 3002 643 3054 nummos
668 2989 788 3074 negat,
822 3001 864 3053 nc
896 2976 938 3052 dc

63 3083 97 3161 ss
128 3081 245 3168 ludat,
270 3079 312 3158 ss
332 3083 472 3189 perdam
505 3081 779 3178 dunecproficiat
801 3080 836 3153 ia
857 3102 943 3175 pru·

63 3187 155 3271 clio,
176 3181 218 3259 65
247 3182 336 3280 scial
367 3180 506 3284 provide
541 3178 794 3279 conscium(
832 3202 870 3276 4.
904 3180 943 3257 sn

63 3281 162 3384 roceffi
185 3283 297 3383 Retig.
325 3310 397 3386 cup.
429 3284 516 3381 1.)
562 3279 843 3360 S.'Franciscus
869 3278 958 3359 Sa·

63 3385 128 3466 lius
145 3410 234 3470 tem>
249 3388 349 3473 hanc
383 3386 548 3469 declarat
574 3379 946 3501 per-similitudinem
