2220 3870
125 117 189 275 au
281 86 671 304 :altrepia
706 164 985 262 Aramaua

131 333 279 503 ypsi
304 335 429 415 anima
456 359 639 436 apparens
661 349 789 416 autem
806 342 892 416 tam
918 337 1058 439 depra·
1089 331 1093 365 ¹

292 452 465 518 vatorum
490 462 636 541 morum
662 464 736 520 non
758 439 881 531 fuerit,
899 438 1059 517 direiio-

130 561 211 623 reur
230 539 426 621 ‘observare
452 556 617 641 oporteu·
634 543 811 641 quidnam
836 541 875 619 in
899 541 960 619 sua
990 564 1057 639 ap·

91 718 97 729 ,
131 643 317 746 punitione
341 642 530 741 efflagitet.
580 645 624 723 Si
658 644 845 746 apropria
875 642 1058 745 e‘usdem,

111 745 198 844 *eui
212 745 254 823 .se
278 746 498 837 manifestat,
519 746 670 846 persona
696 769 762 846 pro
787 745 823 822 se
843 667 964 854 oiiirri
991 767 1059 833 ex·

63 876 66 900 ¹
133 844 234 944 igar,
274 847 469 948 suffragia,
493 851 680 934 orationes
694 862 770 926 'aut
793 845 910 926 Miisae
947 844 1056 932 sacri·

134 946 241 1039 ficia,
265 953 523 1030 tantummodo
550 952 603 1030 illi
626 952 816 1052 injungat,
851 964 910 1026 ut.
928 946 1056 1046 petitia

132 1047 359 1133 satisfaciat:
385 1055 473 1150 quia
496 1052 611 1152 posito
635 1053 749 1130 etiarn
770 1047 875 1140 casu,
899 1051 1001 1146 quod
1018 1049 1059 1124 in

134 1151 253 1231 talem
275 1154 542 1254 apparitionem
558 1156 618 1234 vel
642 1154 824 1237 daemonis
855 1150 916 1229 vel
942 1150 1060 1257 phan-

135 1255 240 1333 tafiae
280 1254 396 1333 illusio
440 1257 636 1356 irrepfiffet-
658 1259 744 1348 ita,x
767 1268 815 1334 ut
843 1254 968 1332 anima
994 1252 1061 1331 iila

133 1381 212 1441 non
230 1358 270 1441 iu
280 1359 523 1459 purgantibus
548 1359 709 1439 flammis
735 1358 972 1443 mundanda,
1000 1352 1062 1431 sed

134 1459 179 1547 in
204 1461 374 1539 infernali
399 1460 521 1561 abyffo
546 1460 729 1540 aeternum
754 1461 953 1537 crucianda
964 1457 1063 1534 deti·

136 1564 308 1652 ueretnr,
336 1586 446 1662 opera
473 1567 583 1656 bona,
601 1563 767 1663 quaeillis
791 1587 866 1636 non
893 1559 1062 1659 prosunt,

136 1663 233 1749 alias
259 1665 405 1746 animas
430 1667 606 1766 adjuvare
631 1665 846 1765 poiient‚ac
864 1662 1004 1761 semper
1022 1661 1064 1738 in

137 1763 212 1848 Dei
236 1765 422 1863 gloriam,
450 1791 500 1845 ac
525 1767 713 1867 operantis
747 1765 921 1847 meritum
953 1765 1064 1841 cede·

139 1879 237 1952 rent.
288 1867 332 1944 Si
356 1869 481 1947 anima
505 1891 688 1970 apparens
723 1879 850 1953 autem
876 1889 989 1964 opera
1014 1867 1063 1950 ab

29 1966 46 2035 f
138 1966 226 2071 aliis
252 1971 484 2068 peragenda,
513 1986 580 2048 aut
611 1970 765 2052 nuntios
790 1984 967 2073 exparte
999 1967 1064 2065 sua

139 2069 228 2150 aliis
252 2068 425 2152 ferendos
451 2073 597 2170 exigat,
623 2072 801 2150 Direuori
832 2093 971 2168 magna
993 2071 1066 2148 cir·

138 2170 407 2270 conspectione
441 2196 535 2274 opus
561 2174 644 2265 eii-4
676 2198 725 2251 ue
757 2172 1064 2265 inordinationem

138 2271 438 2371 inquietudines,
468 2299 532 2367 ιω
552 2277 784 2356 turbationes
801 2275 894 2353 inde·
912 2273 1066 2369 nascan-⁸

139 2385 216 2458 tur.
264 2375 309 2455 Iu
333 2377 401 2454 tali
420 2375 504 2455 casu
530 2376 686 2458 firebus
711 2378 909 2475 diligenter
933 2375 1066 2456 diioui

111 2539 114 2546 ,
140 2474 189 2556 srs
219 2476 397 2557 visionem
424 2479 553 2561 veram
575 2480 646 2564 effe
672 2480 875 2567 existimet,
900 2476 940 2555 ἀ
970 2503 1066 2556 nun·

139 2579 220 2658 tius
243 2579 353 2659 alteri
377 2579 551 2664 ferendus
577 2582 648 2661 Dei
669 2579 829 2680 gloriam
855 2593 1065 2671 concernat,

141 2680 339 2783 paenitenti
364 2678 514 2763 licentia
536 2685 588 2762 im
614 2683 717 2761 ertiri
744 2680 861 2784 potest
887 2682 928 2760 in
954 2683 1066 2760 tertia

69 2838 71 2842 ι
142 2780 318 2884 persona,
350 2785 440 2882 quin
483 2784 518 2863 se
543 2709 661 2903 ipsium
696 2784 866 2881 detegat,
904 2782 1066 2883 ejusmo-

102 2924 109 2943 ·
143 2882 186 2963 di
209 2903 291 2961 rem
314 2886 590 2979 manifestandn
617 2909 747 2963 verum
773 2901 901 2963 tamen
929 2904 1067 2984 magna

144 2983 189 3064 in
218 2983 280 3063 his
315 2987 457 3067 casibus
490 2988 636 3067 cautela
659 3010 753 3087 opus
771 2988 772 2993 ‘
789 2986 841 3065 est
848 3010 860 3081 3
887 2988 975 3083 quia
999 3013 1067 3066 no·

142 3086 277 3169 rabilia
296 3088 385 3173 iude
421 3091 659 3172 incommoda
696 3089 785 3169 oriri
814 3087 970 3191 poliunt.

141 3310 210 3402 π.
224 3290 486 3474 Monunio
511 3295 721 3385 Qurnrunr.
773 3292 967 3395 Moniturn
993 3291 1069 3410 hoc

41 3448 43 3455 ·
334 3397 733 3505 *uncadrmoatarum
762 3398 975 3499 animarum
974 3417 1068 3581 ssim
