2220 3870
208 174 394 316 prodita
422 204 495 316 pro
530 167 733 289 diradare.
764 207 786 233 ··
889 203 1017 324 449

57 351 162 433 tione
201 346 361 448 judicem
403 344 579 441 liquidem
606 344 725 424 ianua
754 342 983 443 hujuscemo⁴

59 456 100 530 di
121 468 232 548 opera
246 449 305 527 'ad
324 447 558 524 infirmitates
586 451 680 525 adeo
704 442 868 525 insolitas
901 471 986 546 pro·

59 553 241 644 creandas
280 549 409 639 cauliae
446 570 679 645 nequaquam
717 550 986 627 convenientes

59 656 170 732 sunt.⁴
194 649 251 730 *Si
275 652 427 738 videat,
456 651 554 746 quod
587 651 763 726 adhibitis
783 649 831 727 ad
860 650 985 729 refrae·

59 755 226 838 nandum
263 751 444 829 daemonis
475 751 700 839 audaciam,
737 751 777 828 dc
811 751 985 850 frangen-

61 859 131 935 das
157 855 315 930 nocendi
344 853 441 928 vires
472 854 667 950 praeceptis
697 864 763 929 aut
803 853 887 929 aliis
915 853 986 952 spi·

60 957 258 1036 ritualibus
283 954 456 1032 remediis
471 953 635 1042 dolorm,
659 953 854 1041 cruciatus
869 979 986 1053 angu-

60 1059 171 1148 iiiae,
222 1078 267 1132 ac
307 1056 449 1151 quaevis
495 1054 568 1130 alia
604 1055 765 1151 corporis
796 1055 986 1135 tribulatio

64 1159 197 1251 cellet3
224 1155 427 1256 persuasum
453 1155 636 1232 duntaxat
662 1155 726 1232 sibi
752 1155 915 1254 habeat(
927 1170 985 1235 et·

62 1258 91 1340 si
127 1259 262 1335 eadem
277 1257 397 1335 ruilus
431 1257 518 1332 dein
554 1257 748 1351 redeant)
777 1260 875 1353 quod
917 1282 987 1337 ria·

63 1361 201 1439 turalia
229 1384 303 1434 non
340 1358 427 1449 sint3
454 1356 630 1453 siquidem
653 1358 841 1456 potestatis
869 1354 987 1436 lacar-v

65 1460 204 1541 dotalis
227 1461 400 1558 imperia,
425 1457 464 1535 dc
487 1479 547 1533 res
565 1458 673 1535 sacrae
698 1458 727 1560 (¹
743 1460 790 1535 de
809 1460 989 1558 prodigiis

63 1565 185 1650 euim,
205 1583 360 1657 quorum
386 1560 483 1635 dono
513 1559 735 1635 Direttorem
760 1584 834 1635 noii
857 1562 987 1639 instru-

30 1714 36 1720 -
65 1665 165 1743 tium
202 1661 271 1737 elie
298 1682 419 1759 pono,
450 1660 512 1735 liic
535 1659 773 1760 praescindo)
802 1661 987 1762 ejusmodi
1089 1742 1093 1763 -.

63 1766 277 1855 curationes
300 1766 342 1838 in
360 1774 550 1837 momento
574 1764 750 1860 temporis
768 1766 986 1860 neutiquam

64 1868 268 1969 producere
298 1861 462 1960 poliunt3
488 1864 526 1938 id
551 1865 650 1960 quod
681 1887 726 1938 eo
748 1866 871 1941 verius
903 1867 987 1957 erit.

64 1964 352 2067 sibuluscemodi
369 1963 579 2060 frequenter
596 1966 822 2062 contingant.
849 1969 989 2056 Quam·

66 2070 195 2165 obrem
222 2066 446 2151 Direttorem
472 2065 694 2163 spiritualem
718 2069 778 2142 bic
800 2070 989 2146 medicum

66 2186 203 2275 agere,
235 2183 346 2263 atque
370 2191 416 2244 ea
445 2168 628 2264 applicare
654 2169 818 2244 remedia
843 2185 991 2267 oporte·

65 2272 142 2363 bit,
168 2288 251 2365 quae
273 2282 393 2346 mater
421 2267 581 2343 Ecclesia
612 2269 659 2343 ad
676 2270 883 2344 daemonem
903 2272 989 2346 uni·

67 2394 156 2449 cain
177 2367 426 2470 hujuscemodi
454 2365 712 2444 infirmitatum
744 2369 902 2446 caulium
926 2394 990 2446 co·

14 2506 17 2510 ·
66 2474 270 2551 arcendum
287 2468 601 2569 &depellendum
623 2469 830 2568 praescribit.
865 2471 991 2558 Quod·

66 2574 211 2652 sivero
236 2571 400 2649 Direttor
424 2571 595 2667 praediua
610 2570 746 2646 indicia
773 2573 994 2669 neutiquam·

67 2676 257 2762 inveniat,
284 2672 353 2749 nec
386 2673 433 2747 de
455 2669 632 2746 dicturum
671 2671 852 2748 malorum
873 2674 996 2771 quali·.

66 2793 150 2855 tate
178 2775 357 2874 judicium
386 2773 573 2849 moraliter
599 2785 741 2848 certum
758 2773 852 2850 ferre
874 2775 989 2875 point,

66 2879 121 2958 ad
143 2876 331 2954 consilium
356 2876 584 2952 medicorum
607 2875 849 2972 corporalium
869 2899 994 2955 recum

67 2992 174 3069 rere,
198 2996 399 3072 eorumque
426 2978 637 3076 opinionem
673 2975 772 3072 sequi
810 2980 993 3074 oportebit

68 3082 130 3161 ita
160 3093 308 3167 tamen,
333 3092 377 3153 ut
400 3078 448 3154 iis
478 3080 524 3153 de
551 3077 733 3177 eiusmodi
762 3076 896 3152 infirmi
923 3081 994 3157 sta·

68 3196 119 3261 tu
143 3181 325 3278 generalis
351 3180 390 3257 dc
420 3178 568 3256 confusa
589 3179 760 3275 quaedam
779 3179 911 3254 notitia
927 3181 999 3255 tri·-
1023 3196 1026 3204 ’

73 3286 233 3376 buatur3
261 3305 308 3356 ex
321 3302 394 3376 qua
414 3280 475 3357 ad·
492 3281 630 3356 retium
656 3283 702 3355 de
725 3279 791 3355 tali
802 3277 997 3357 infirmita·

73 3399 118 3467 te
145 3383 340 3459 ferendum
355 3381 535 3484 judiciuin
557 3378 685 3459 lumen
698 3364 997 3480 montipolum.

97 3480 290 3609 romili.
495 3478 527 3568 F
542 3477 564 3565 i
881 3481 980 3562 Cri·v
1086 3558 1089 3564 .
