2220 3870
118 134 243 269 '266
349 131 420 233 Tr·
458 138 510 235 V.
537 133 638 271 Cap.
667 122 755 229 ΧῙ.
792 136 976 231 Monirae.
1010 164 1037 187 ··

143 304 309 403 animari,
331 326 418 381 eum
440 304 559 380 etiam
585 313 731 401 oportet
754 302 803 379 ad
827 298 1022 404 magnam·
1037 305 1078 384 in

143 412 268 492 Deum
289 400 469 497 ‚fiduciam
494 406 632 494 itant
657 404 826 481 constans
841 400 985 506 semper
994 430 1075 507 per·

145 507 287 591 severet
324 509 364 582 in
400 507 558 584 veritate
588 506 658 601 illa
680 504 767 582 fidei
785 564 802 605 v.
836 510 940 605 qnod
974 511 1075 591 Deus

137 612 373 699 tentationes
399 606 539 684 viribus
566 608 696 683 nostris
719 606 924 706 superiores
964 612 1073 689 uobis

142 708 335 808 nunquam
359 710 572 808 permittat:
599 709 699 784 unde
721 708 761 786 ἃ
792 733 858 809 per
881 711 968 811 ejus
994 736 1072 811 gra·

140 814 237 899 'tiam
265 825 388 890 toturn
421 811 536 887 etiam
566 809 756 891 infernum
788 812 941 889 vincere
976 814 1073 901 vale·

142 908 250 1005 rous,
269 912 349 990 ¹etsr
372 913 413 988 in
442 912 578 989 damna
604 910 724 988 nostra
759 926 863 990 totus
891 914 1072 1015 conjuras·

141 1016 207 1096 set.
257 1014 402 1093 Contra
425 1012 494 1091 has
515 1014 745 1090 Sacerdotali
769 1035 919 1112 qnoque
941 1018 1071 1095 autho

142 1112 257 1198 ritate
285 1116 361 1209 uti,
387 1137 432 1192 ac
465 1115 680 1214 praeceptis,
707 1114 863 1213 aliisque
891 1142 916 1194 a
942 1119 985 1196 S.
1007 1114 1070 1197 Ec·

140 1214 250 1299 trena
276 1217 491 1319 approbatis
517 1217 692 1292 remediis
714 1217 931 1295 daemonum
960 1223 1069 1299 auda·

139 1320 241 1413 ciam
269 1321 513 1419 comprimere
536 1326 700 1419 oportet,
729 1318 916 1417 praecipue
938 1318 974 1397 sr
997 1335 1068 1401 ten·
1096 1408 1099 1423 Ι

140 1423 346 1503 tationibus
378 1420 534 1517 impuris
557 1412 714 1495 nimium
753 1418 1067 1517 insolescant·{-&
1097 1476 1099 1483 ·

142 1510 212 1625 ipsi
226 1525 343 1600 etiarn
364 1521 562 1620 poenitenti
589 1518 641 1596 est
663 1519 1016 1620 injungendum,ut
1029 1522 1067 1602 as

140 1644 273 1715 omnes
299 1625 340 1699 in
370 1622 499 1719 sugam
524 1622 689 1719 agendos
707 1623 846 1698 ‘eadem
874 1624 954 1722 ipse
985 1640 1064 1726 quo·

140 1749 215 1824 que
246 1723 434 1802 adhibeat.
488 1721 691 1800 Peculiaris
716 1735 851 1800 tamen
877 1728 997 1804 circa-
1007 1727 1064 1829 spi·

140 1828 295 1908 rituales
319 1826 389 1901 has
421 1827 651 1925 tentationes
684 1825 883 1939 Direttopis
908 1829 1063 1906 attentio
1094 1858 1099 1919 ς

137 1953 187 2005 eo
215 1926 323 2022 dirigi
345 1927 488 2014 dehet,
514 1941 557 2002 ut
584 1925 788 2025 disciputus
819 1928 870 2004 ad
913 1953 1063 2027 genera·

138 2028 216 2107 sam
242 2028 525 2126 repugnantiam
557 2029 735 2103 continuo
771 2028 862 2125 vigil
886 2028 928 2107 δι
951 2033 1064 2111 alacer

139 2130 385 2225 conservetur.
438 2127 579 2204 Contra
621 2128 721 2206 mala
747 2152 953 2228 corporea,
990 2152 1064 2233 qoae

139 2232 181 2312 in
208 2231 433 2309 cruciatibus
459 2228 675 2329 consistunt,
701 2253 747 2306 ea
759 2228 997 2321 solummodo
1016 2232 1063 2311 to'·

138 2336 257 2415 serare
288 2328 444 2419 sufficit:
471 2345 602 2408 contra
636 2330 802 2408 scelestas
837 2338 1064 2413 tentationes

135 2450 286 2526 autem,
320 2447 368 2521 ne
397 2431 481 2530 quis
505 2458 528 2509 a
556 2432 629 2509 suis
654 2433 815 2510 inimicis
841 2434 882 2510 in
909 2439 1063 2514 exitium

26 2624 28 2627 ,
139 2539 329 2625 trahatur,
372 2550 552 2634 praeterea
588 2534 703 2610 etiam
736 2535 894 2612 resrstere
930 2535 1064 2615 necese

138 2638 202 2716 est.
250 2638 500 2725 Quamobrem
525 2636 695 2731 invigilet
720 2636 896 2726 diresior,
920 2653 970 2717 ut
992 2638 1063 2717 ani·

136 2760 249 2817 maa
282 2740 515 2817 doemonibus
539 2739 730 2834 exagitata
762 2738 810 2815 ad
832 2737 886 2815 siri
915 2739 1064 2830 deseni-

135 2862 250 2915 onem
285 2837 426 2937 semper
451 2854 596 2940 promta
622 2840 803 2938 persistat:
836 2840 876 2918 &
893 2839 993 2920 srcut
1008 2864 1064 2940 ge·
1096 2936 1098 2947 Ι

135 2938 289 3017 merosus
302 2940 412 3016 miles
425 2996 434 3029 ‚
449 2942 496 3018 ab
509 2928 674 3018 hostibus
700 2939 770 3017 sese
788 2941 1065 3024 circumdatum

136 3041 363 3141 conspiciens
390 3041 530 3142 semper
554 3043 708 3119 armatis
727 3043 901 3120 manibus
916 3046 970 3123 ad
985 3069 1064 3123 con·

134 3142 273 3221 siittum
304 3155 456 3241 paratus
495 3142 564 3219 est:
603 3141 651 3220 src
678 3144 742 3226 illa
780 3146 1064 3227 adaemonibus

9 3326 12 3333 ,
132 3247 185 3323 ad
212 3245 265 3320 sui
289 3245 603 3344 expugnationem
633 3247 814 3324 tentando
831 3247 995 3327 intentis
1017 3247 1065 3324 se·

131 3344 174 3424 se
208 3344 369 3429 cinnum
409 3348 574 3442 videns,
601 3346 652 3430 ad
692 3370 844 3448 omnem
870 3348 1064 3470 suggestio·
