2220 3870
103 188 178 293 bur
211 138 310 291 luris
331 194 561 331 purgative
589 182 774 329 spiritur.
863 226 942 323 543

58 364 172 443 sinum
203 362 464 463 desperationis
488 364 702 464 exprimit(
720 356 831 444 mar.
844 362 947 548 Myf.

58 492 100 544 rr.
119 494 156 565 3.
176 465 254 564 disc.
276 476 395 564 3kart.
417 466 489 566 2.)
506 472 621 565 prout'
635 492 719 545 eum
754 470 869 546 etiam
909 498 952 551 u·-

58 570 151 647 orius
185 570 301 646 citata
334 568 452 645 Beata
480 569 669 669 appellat,
698 569 775 647 imo
800 574 888 651 talis
911 600 951 652 e·

59 694 121 750 am
154 671 223 747 esse
253 670 421 757 videtur,
449 669 475 746 sr
500 670 581 770 ejus
615 672 796 771 objedum
827 676 953 754 eonsr·
1054 772 1057 776 Ι

58 796 202 851 eremus
213 797 234 869 ·5
258 771 382 870 reapse
411 784 537 849 tamen
569 770 657 853 talis
680 772 755 851 n‘on
781 776 852 857 est':
866 786 953 859 cum

58 877 168 952 nimae
199 876 260 952 hae
292 874 520 963 eniminter
551 878 696 955 medias
734 877 818 955 suas
840 876 955 959 ''teria-

58 1000 114 1054 raa
130 980 251 1054 Deum
276 975 421 1053 sortiter
444 994 589 1070 ament,
611 994 691 1057 tota
723 1005 850 1058 earum
877 984 955 1083 pas·
1023 1076 1026 1083 Ι

58 1105 82 1156 o
114 1079 250 1156 sursum
280 1080 332 1155 est
364 1081 558 1170 conversa,
596 1079 636 1157 dr
656 1084 695 1158 in
722 1082 824 1170 Deo,
843 1106 955 1181 quem
1034 1166 1038 1191 Ι

83 1180 121 1257 se
145 1180 320 1259 offensum
351 1183 501 1273 vident,
542 1206 633 1259 occu
659 1200 746 1275 ata,
774 1186 958 1289 quinpro·

58 1284 152 1361 rium
179 1283 284 1360 suum
316 1283 513 1375 damnum,
538 1284 601 1359 etsr
626 1208 887 1386 xiimpitemum
900 1287 958 1367 so·

58 1400 111 1475 et,
135 1386 321 1462 ullatenus
355 1400 509 1464 curent:
545 1386 693 1495 &hinc
728 1390 776 1464 ad
791 1390 957 1488 positivae

59 1488 297 1587 esperationis
333 1487 449 1569 assus,
475 1510 666 1584 nunquam
707 1490 958 1573 descendunt:

59 1615 111 1666 no
141 1592 241 1687 quod
272 1589 475 1688 desperatio
502 1592 669 1682 videtur,
705 1592 889 1672 ordinarie
918 1595 960 1674 in

61 1693 110 1767 lis
141 1692 313 1768 heroicus
342 1690 462 1766 afflisii
488 1693 625 1769 amoris
658 1693 765 1771 assus
791 1695 853 1775 est.
909 1696 961 1775 Et

59 1816 161 1872 evera
191 1795 237 1871 B.
260 1792 429 1889 Angeia,
447 1793 637 1893 postquam
651 1796 961 1896 dereripsrtnuod

59 1922 66 1971 e
104 1898 321 1974 damnatam
351 1896 511 1984 viderit,
542 1920 632 1974 mox
652 1897 852 2000 subjungit:
897 1900 966 1980 Vr·

59 2000 138 2075 mdo
162 2025 211 2074 me
223 1997 429 2088 damnatam,
441 2020 505 2072 non
515 2012 593 2074 c'uro
604 2000 645 2075 de
665 2000 874 2079 damnatione
882 2030 962 2099 nna,

59 2098 205 2198 asapius
220 2124 315 2189 curo,
336 2099 379 2176 θ’
396 2100 505 2186 doleo,
529 2100 620 2197 qaod
644 2102 767 2203 offendi
791 2119 965 2184 creatorem

59 2227 157 2289 ecam,
188 2226 282 2299 quem
312 2200 425 2278 nossem
456 2201 616 2303 offendsffr
639 2229 704 2302 pro
730 2204 878 2284 omnibus
907 2207 967 2282 bo·

59 2312 89 2384 is
122 2301 192 2392 ,Θ
232 2300 352 2393 molis,
381 2327 453 2400 qam
478 2304 593 2405 pofflnt
621 2309 794 2385 maiani.
866 2309 969 2388 Hinc

59 2417 174 2504 rguat
207 2403 337 2493 ledor,
398 2418 511 2482 nanta
543 2430 628 2482 cum
657 2409 800 2485 ratione
832 2408 971 2489 Austo-

59 2531 101 2589 es
123 2506 266 2605 mystici
280 2505 353 2583 affli
387 2509 495 2583 iones
511 2507 581 2584 has
593 2510 713 2611 poenis
740 2508 874 2588 inferni
892 2510 970 2590 om

59 2609 193 2696 rilent,
219 2624 328 2707 prout
351 2609 473 2685 David
501 2634 566 2687 eas
597 2613 843 2710 comparavit,
879 2617 971 2693 dum

60 2732 108 2793 er
146 2711 404 2807 purgationem
436 2710 534 2787 hanc
566 2710 637 2791 sese
650 2726 813 2790 torrente
832 2715 968 2814 iniqui·

60 2828 167 2895 atum
199 2807 407 2908 absorptum
428 2813 546 2890 vidit:
594 2810 881 2893 Circumdederunt
921 2844 971 2897 mr

60 2914 172 2993 olores
189 2912 327 2986 mortis:
367 2923 525 2989 torrentes
549 2918 735 3012 iniqnitatis
749 2916 976 2996 ‘conturbave-

60 3028 193 3097 antme.
221 3009 363 3088 Dolores
374 3016 494 3112 inferni
504 3017 780 3094 circumdederant
793 3045 844 3095 me
858 3048 870 3104 ,·
886 3042 977 3120 pm·

60 3113 454 3218 ccapooaaarmcsoqaei
463 3122 588 3197 mortis.
605 3117 753 3221 (psalm.
768 3144 825 3227 17·
836 3126 975 3225 asro.)

282 3431 448 3523 gationis
480 3438 650 3555 tempore
680 3427 779 3512 iuter
819 3428 986 3530 summm

62 3346 135 3431 m·
150 3318 386 3493 Memoria
399 3341 545 3435 quoque
559 3322 735 3402 immanis
762 3323 876 3429 hujus
896 3346 980 3427 pur-

170 3596 174 3603 '
847 3552 933 3617 W·
