2220 3870
158 184 392 332 spiritusin
425 190 661 290 dammim
676 196 686 207 ’
700 186 905 326 obfidionn
942 222 1049 321 459*

98 362 171 442 bis
199 363 259 440 his
281 365 433 440 innuere
459 366 641 440 duntaxat
664 363 783 444 voluit
812 361 910 441 sensa
943 385 1026 462 per·

97 464 232 552 uersa,
256 487 339 560 quae
370 468 516 540 daemon
540 465 583 538 in·
613 480 716 561 parte
748 463 911 540 inferiori
943 485 1027 561 pro·

57 656 62 661 ,
99 567 231 652 'duxit
267 567 354 640 lioet
392 566 463 663 ipse
497 567 543 643 ab
569 567 669 640 omni
700 566 873 642 consensu
915 568 1029 660 quam

97 667 344 745 ³aiieniss1mus
372 667 494 743 fuerit.
542 667 682 742 Multas
726 666 1025 765 praetereamus

96 769 256 847 emmas
271 770 427 865 reperire
452 769 522 856 est,
543 788 699 863 quarum
716 783 862 859 mentes
876 770 1027 849 daemora
1069 830 1071 835 ,

111 868 379 969 phantasmatis
398 871 551 968 impuris
562 927 571 956 ‚
582 882 648 945 aut
661 869 946 968 cogitationibus
961 871 1028 945 do·

105 971 247 1070 speiius
270 994 359 1069 erga
383 970 501 1049 sacras
525 971 706 1068 imagines
736 971 888 1069 impleta
912 971 967 1047 ita
981 983 1025 1049 ut

108 1095 160 1148 ne
179 1072 308 1147 oculos
340 1074 488 1170 quidem
513 1074 562 1150 ad
586 1097 650 1148 eas
680 1073 880 1148 intuendos
900 1072 1024 1149 elev-a·

105 1192 148 1250 re
174 1175 353 1262 audeant,
389 1172 702 1272 pertimescentes,
728 1198 775 1250 na
793 1174 842 1250 ad
852 1172 1024 1270 quemuis

104 1274 280 1350 obtutum
306 1274 512 1374 turpissimae
536 1273 771 1372 suggestionis
797 1277 871 1351 iiio
892 1294 1023 1372 percu·

102 1375 266 1452 tiantur:
293 1389 401 1474 prout
420 1378 459 1452 S.
474 1377 604 1453 Mariae
619 1377 852 1473 Magdaienae
866 1376 914 1452 de
928 1375 1023 1452 Paz·

106 1477 164 1552 zis
197 1474 349 1564 accidit,
384 1498 467 1573 quae
499 1500 564 1552 eas
592 1490 719 1553 tamen
751 1478 872 1574 magis
908 1497 1022 1574 quam

100 1579 206 1677 prins
238 1582 405 1654 venerari
435 1579 649 1674 neutiquam
687 1578 895 1655 intermisit:
932 1577 1022 1657 licet
1083 1577 1087 1622 ³

100 1673 322 1756 temerarius
354 1678 504 1755 obsessor
535 1703 580 1757 eo
611 1678 722 1778 usque
742 1678 961 1778 processerit,
977 1688 1021 1754 ut

102 1779 155 1857 ad
188 1779 270 1854 illas
304 1780 475 1879 sacrilega
506 1783 666 1878 quadarn
694 1780 926 1857 insultatione
961 1782 1019 1858 in·

100 1882 338 1966 honorandas
365 1905 431 1982 per
460 1882 689 1959 manifestam
722 1883 938 1970 violentiam
958 1881 1019 1960 fu·

101 1983 175 2058 erit
211 1984 349 2059 adasia.
402 1983 465 2059 Sic
501 1982 762 2082 supracitatum
790 1984 938 2061 Patrem
970 1983 1018 2060 de
1065 1982 1069 1992 “

101 2082 272 2172 Casino,
296 2098 339 2160 ut
366 2083 483 2160 disius
503 2083 872 2184 hmerembsgius
890 2083 1024 2179 refert,

97 2184 232 2282 sepius
251 2186 394 2282 adegit,
423 2197 467 2262 ut
488 2186 617 2262 Mariae
636 2187 798 2284 Virginis
815 2189 1019 2283 imaginem

99 2288 294 2374 adureret,
319 2288 410 2383 dum
431 2309 602 2373 manum,
637 2305 710 2381 qua
734 2287 836 2363 illam
853 2287 1017 2377 tenebat

94 2387 276 2486 arripuit,
318 2387 357 2464 uc
380 2387 541 2463 lucernae
575 2386 705 2464 lumini
732 2383 913 2464 vioienter
950 2387 1019 2464 ad·-
1059 2456 1064 2469 .

94 2489 228 2576 movit.
279 2487 343 2565 Sic
368 2487 488 2564 Maria
513 2486 697 2564 Crucifixa
721 2487 885 2566 violento
894 2489 1018 2577 modo,

83 2580 370 2767 *npinhresrsterp
407 2588 572 2764 vegetet,
606 2587 816 2769 constrinpie'
836 2587 1017 2769 ξιὲῗιΐιῑ

93 2710 149 2770 a³
216 2710 278 2776 oc,
317 2715 342 2768 u
385 2706 497 2767 moo
533 2712 737 2766 nummum<
812 2715 835 2766 n
958 2713 1019 2782 mg

92 2792 211 2891 modo
239 2794 341 2890 pium
369 2790 533 2871 libellum
556 2804 656 2868 'cum‘
683 2791 766 2870 astu
801 2788 1049 2871 omremtus'·

89 2894 296 2973 interram
324 2894 536 2993 projicerem
566 2895 727 2991 dumque
755 2910 881 2971 coram
896 2916 1019 2991 augo«

89 2992 238 3072 stissrmo
260 2994 501 3071 Sacramento
526 2997 677 3080 orabat.
702 2994 773 3073 sese
797 2995 938 3093 vitibus
957 2996 1019 3072 in·

84 3095 353 3194 superabilibus
388 3095 584 3173 retrorsum
624 3097 747 3187 verti,
790 3093 1016 3192 &tergum

87 3195 196 3274 suum
230 3195 448 3272 sanfflffimae
474 3196 709 3275 Eucharistiae
731 3195 875 3274 obverti
895 3194 1017 3287 sonitu·
1060 3208 1062 3212 ’

86 3296 130 3376 &-
149 3300 204 3374 'eo
236 3296 333 3396 ipso,
355 3298 488 3392 quoid
512 3299 690 3394 contigit,
721 3297 804 3377 astu
821 3297 1019 3393 ingentem·

84 3399 126 3480 in
155 3400 266 3479 sorde
291 3420 379 3498 erga
402 3399 524 3483 Deum
550 3399 713 3495 rabiem,
726 3397 780 3485 -ἅ
788 3396 1020 3498 blainum<
1091 3403 1095 3413 '
