2220 3870
103 286 109 315 ι
137 176 301 314 corporis
327 169 376 271 'in
410 168 645 271 daemoniaca
675 167 879 306 ebidiam.
914 199 1003 296 425·
1067 278 1070 295 ,

87 346 237 432 chium,
264 344 375 421 modo
400 344 553 432 faciem,
579 345 690 421 modo
715 360 838 422 totum
871 365 1029 441 corpus.

85 464 267 545 tanquam
292 446 487 536 interduo
513 446 598 523 saxa
622 446 855 544 contorqueri
878 442 1004 533 se'usrt,
1065 449 1083 474 ”

87 562 238 649 ςιιειηῖοΙ
256 572 341 635 cum
368 548 551 636 cruciatu,
574 571 684 635 nemo
708 574 782 624 non
808 546 1006 645 imaginari

84 651 156 731 sibi
180 650 305 748 potesta
357 649 496 728 Verum
522 650 706 726 cruciatus
732 650 899 726 omnium
924 658 1005 733 nia·

82 752 215 835 ximus
241 761 340 837 erat,
373 752 464 827 dum
488 750 659 827 manibus
685 750 923 829 invisibilibus
948 748 1013 835 in.

86 853 207 931 terius
230 851 366 941 viscera
390 851 457 929 sua·
478 850 672 949 constringi
698 850 737 929 dt
762 853 916 929 distendi
926 848 1007 939 sen,-

86 954 145 1033 fit
209 953 448 1051 'formentum
460 953 554 1059 dioc
579 952 767 1050 equuleis,
792 954 832 1030 in
870 953 1008 1050 quibus

88 1056 240 1157 tyranni
267 1056 317 1132 'S.
343 1053 382 1132 S.
415 1057 624 1154 Martyrum
649 1077 801 1152 corpora
827 1054 1009 1141 distende,-

89 1156 206 1246 bdnt,
223 1170 329 1232 tanto
354 1154 515 1233 atrocius
540 1155 627 1246 fuit,
637 1168 778 1253 quanto
802 1168 926 1254 partes
943 1157 1003 1232 in·
1081 1190 1083 1199 ·

90 1259 265 1344 terioreS,
291 1279 376 1355 quae
396 1259 601 1334 >violentam
625 1258 881 1334 distentionem
903 1256 1009 1349 illam

87 1360 345 1463 patiebantur,
379 1359 517 1435 doloris
542 1355 661 1434 sensus
686 1360 921 1457 capaciores,
962 1374 1010 1445 ac

90 1460 214 1558 magis
238 1462 373 1536 vitales
400 1460 492 1537 sunt.
517 1461 588 1536 Dei
596 1460 736 1537 famula
747 1458 896 1536 biennio
907 1458 1008 1556 quasi

90 1587 116 1641 a
142 1563 298 1659 genibus
338 1561 503 1637 deorsum
539 1561 641 1643 omni
667 1563 916 1640 membrorum
940 1559 1008 1641 usu

88 1662 263 1742 destituta
289 1663 463 1752 erat,=ita
489 1676 532 1738 ut
557 1663 597 1737 iri
623 1664 724 1739 sedili
747 1665 908 1760 quodam
936 1661 1008 1741 im⁴
1048 1689 1051 1695 ·

89 1765 240 1843 mobilis
264 1765 381 1840 vitam
404 1765 537 1839 ducere
560 1777 762 1861 cogeretur.
831 1764 911 1869 Nec
937 1765 1008 1840 du·

90 1867 202 1963 bitari
227 1867 342 1964 potest
357 1892 387 1955 ,·
409 1865 499 1961 quin
524 1864 669 1957 malum,
688 1865 761 1942 hoc
783 1880 917 1964 praeter
941 1890 1009 1959 na-
1084 1906 1087 1911 ·

90 1979 233 2053 turam,
260 1965 298 2042 δι
324 1992 347 2044 a
370 1965 625 2056 daemonibus,
670 1966 733 2063 qui
758 1992 842 2045 eam
865 1966 1037 2067 crudeli

90 2069 156 2148 illa
189 2066 380 2144 obseffione
413 2066 611 2166 oppreffam
637 2071 852 2159 tenebant,
888 2069 1011 2169 proie-

90 2172 192 2249 iium
215 2170 349 2246 fuerit:
377 2167 571 2265 siquidem,
590 2193 677 2244 curn
699 2170 891 2246 inimicum
914 2192 1012 2269 prae-
1048 2246 1054 2259 ,

91 2272 211 2373 ceptis
245 2271 428 2357 ebercuit,
453 2269 568 2346 libera
594 2293 638 2344 ac
663 2267 780 2347 solnta
801 2272 1010 2368 permansit,

89 2374 132 2457 in
156 2374 269 2473 pedes
295 2370 331 2446 se
356 2371 495 2460 erexit,
518 2369 556 2446 dc
581 2369 751 2447 incedere
774 2373 906 2469 potuit.
956 2370 1014 2451 At
1095 2392 1101 2415 ¹

92 2473 202 2575 quid?
228 2473 306 2573 post
330 2471 608 2548 modicissimum
630 2473 808 2570 temporis
833 2473 1012 2551 interval·

88 2576 171 2659 ium
196 2572 301 2650 senfit
325 2573 396 2649 sese
422 2574 543 2650 eidem
567 2572 643 2649 sedi
667 2573 847 2651 violenter
859 2573 1014 2673 imponi.

89 2680 173 2768 ubi,
191 2677 293 2753 haud
316 2675 419 2751 secus
444 2699 489 2752 ac
514 2689 636 2769 antea,
650 2676 787 2775 pedum
813 2675 878 2753 usu
900 2674 1010 2753 desti·

90 2795 176 2857 tuta
201 2779 376 2855 haerebat.
436 2777 603 2855 Tandem
628 2777 676 2855 ad
702 2776 893 2875 Virginem
929 2776 1013 2855 san-0

91 2876 278 2958 stiffim'am
302 2876 490 2974 quondam
514 2892 723 2970 recurrens,
747 2877 1025 2969 totasananon,

89 2981 204 3065 modo
229 2981 269 3056 in
299 2980 412 3078 pedes
438 2979 474 3055 se
497 2981 643 3071 erexit,
674 2981 873 3058 sedetiam
896 2978 1014 3057 libere

89 3083 233 3179 semper
256 3082 399 3178 ingredi
423 3083 603 3180 perrexit,
639 3081 737 3159 acsi
762 3083 815 3159 nil
847 3103 1015 3179 unquam

90 3185 184 3266 mali
220 3184 256 3260 ei
291 3181 557 3282 superveniffet.
608 3182 748 3260 Misella
774 3184 857 3259 haec
891 3182 1015 3260 multo
1053 3226 1077 3283 ·.

88 3288 210 3381 etiam
239 3298 404 3384 tempore
425 3285 618 3360 membris
651 3299 760 3384 capta
796 3299 877 3360 erat
914 3285 1015 3385 inter

88 3386 316 3479 acutiffimos
341 3386 489 3571 doloress
500 3386 697 3571 AEraecipue
720 3387 762 3473 in
786 3386 898 3566 pede(¹1
915 3406 1016 3497 quoa,
