2220 3870
107 169 278 313 spiritus
310 180 355 269 ἐπ
388 163 623 267 daemoniaca
658 90 855 290 obfidione.
899 183 987 305 463

68 368 168 448 gens
194 339 313 446 santia
337 340 376 417 ὅ(
400 337 510 429 effer,
538 337 579 416 <ir
604 353 806 443 appa-reret.
857 339 909 419 Et
917 364 995 417 cer·

73 464 158 527 tum
183 443 255 532 est,
283 442 386 538 quod
411 440 438 517 sr
461 463 525 539 per
550 439 752 538 superbiam
775 439 997 519 vista-mali·

70 549 158 651 gnis
183 546 243 621 his
269 544 429 629 artibus,
453 566 498 619 ao
523 536 713 619 malitiosis
737 541 798 618 his
821 540 995 642 suggesti·

79 649 215 729 onibus
240 645 300 722 vel
325 643 503 744 paulisper
526 642 747 731 adhaefiffet,
783 644 829 740 in¹
848 646 996 724 ruinam

120 749 279 840 orsusac
287 746 531 844 perditionem
542 748 705 842 praeceps
713 745 995 828 abiturafuiiset.

75 772 220 931 verum
244 847 306 924 ilia
333 847 486 944 ingenti
497 870 583 922 cum
607 844 822 922 fortitudine
847 846 886 926 &
908 873 997 926 con·
1095 930 1098 935 ,

72 965 197 1034 temtu
224 949 350 1025 omnia
387 947 534 1055 rejecit,
567 970 618 1029 ac,
647 949 800 1022 tandem
832 971 898 1048 per
925 951 998 1029 Dei

70 1049 406 1134 benevolentiffime
430 1046 629 1127 'affistentis
664 1048 823 1147 gratiam
864 1075 888 1127 a
921 1051 996 1130 suia

73 1153 239 1235 inimicis
263 1149 452 1228 viiioriam
477 1149 688 1247 reportavit.
740 1149 790 1226 Et
813 1173 865 1231 ne
879 1151 998 1250 longi-

73 1277 120 1337 or
144 1253 234 1340 im,
259 1252 387 1352 paucis
413 1251 612 1340 concludo,
639 1251 738 1346 quod
760 1273 826 1341 ea,
851 1255 998 1349 quaed·

72 1357 137 1437 his
164 1355 266 1433 vitiis
282 1352 387 1427 nitra
412 1353 515 1439 sunt,
542 1352 590 1427 de
615 1354 790 1429 omnibus·
810 1355 925 1431 etiam
959 1380 1001 1432 a·

73 1458 141 1537 iiis
167 1456 242 1531 diri
266 1453 412 1552 poffint,
438 1477 522 1529 cum
549 1478 625 1528 non
643 1455 751 1530 detur
774 1454 1001 1553 utrunque

72 1561 119 1640 in
140 1558 373 1633 daemoniaca
397 1555 468 1632 hac
494 1553 686 1630 obieffione
711 1553 841 1654 majori
853 1557 913 1634 vel
929 1559 1000 1634 mi·

74 1660 161 1742 nori
184 1657 422 1736 vehementia
448 1680 523 1732 non
544 1657 800 1752 impugnetur:
836 1657 1000 1755 inquot

73 1761 281 1842 tenende
304 1759 437 1850 eodem
467 1756 621 1856 subiet-to
637 1781 712 1834 non
733 1757 920 1858 inteiligas
936 1785 1001 1838 ve·

74 1865 158 1944 tim.
210 1861 259 1937 Et
292 1857 377 1934 sane
402 1857 718 1937 ‚commiseratione
749 1859 904 1955 dignum
929 1863 1002 1953 est,

70 1966 207 2044 videre
233 1963 452 2056 quandoque
484 1958 613 2036 multae
638 1961 831 2058 probitatis
856 1963 1004 2062 reiigio-

77 2066 138 2146 ias
163 2064 305 2141 feroces
332 2063 410 2160 pati
435 2063 615 2159 impetus¹
636 2062 830 2160 rumpendi
863 2065 1005 2144 clausu·

76 2190 185 2255 ram,
212 2165 399 2240 deserendi
425 2162 1006 2262 coenobium,vanitatibus,pom-

78 2271 141 2374 pis
167 2266 206 2344 &
236 2263 528 2363 voluptatibus„
545 2263 685 2343 illicitis
713 2265 844 2347 etiam
869 2265 904 2339 ie
929 2281 1006 2345 tru-

77 2369 217 2449 dendi:
245 2388 329 2463 quae
356 2366 481 2440 omnia
507 2388 553 2437 ex
567 2363 778 2468 vehementi
791 2365 1007 2448 daemonum

73 2470 317 2568 instigatione
340 2466 581 2570 contingunt·
657 2534 660 2538 .
689 2506 691 2511 .

84 2687 173 2762 118.
228 2685 356 2749 nterea
378 2680 506 2746 tamen
530 2663 1007 2760 neutiquamintermirten·

92 2826 96 2831 -
229 2798 234 2805 ·
280 2772 370 2847 dum
400 2769 492 2847 duxi
509 2843 514 2852 ,
530 2765 786 2857 atrocissimum
810 2773 1008 2866 quoddam

82 2873 321 2975 supplicium,
358 2872 457 2969 quod
490 2871 627 2948 animae
658 2868 698 2947 in
723 2868 794 2946 hoc
819 2877 1008 2971 purgatio·

81 2977 148 3059 nis
179 2974 343 3053 sensuum
384 2973 479 3050 statu
512 2971 703 3049 collocatae
738 2975 1009 3071 experiuntur,

113 3079 260 3175 nodque
284 3075 324 3151 in
346 3072 567 3153 vivacissima
592 3073 875 3171 appreheniione
893 3079 1009 3157 consr-

118 3179 147 3255 't
161 3236 171 3266 ‚
185 3181 224 3255 vi
249 3174 416 3275 cujusre
441 3173 624 3272 praedietis
641 3176 907 3253 tentationibus
918 3203 1008 3258 con·

81 3278 242 3370 senstiie,
264 3279 384 3374 gratia
410 3277 481 3352 Dei
506 3274 675 3351 excidisse
701 3277 740 3353 ὅ(
761 3300 940 3354 noxarum
953 3283 1010 3361 le..

82 3382 220 3464 talium
243 3378 339 3458 mari
362 3373 648 3461 imperatore
671 3378 879 3481 opinantur.
906 3379 1013 3465 Hine
