2100 3870
79 166 156 262 bus
174 152 543 301 fhpemaeruralibus
567 165 822 295 imaginariis.
871 192 952 291 175

54 358 124 433 152.
237 332 432 429 nandoque
455 329 569 405 etiarn
592 331 790 429 contingit,
810 346 852 409 ut
877 333 956 411 suo·

281 433 421 509 cellivae
446 432 506 507 hae
531 430 735 507 locutiones
758 448 859 517 tuam
881 437 956 513 ori·

53 536 167 635 n‘nem
192 558 217 612 a
243 535 421 611 Daemoue
445 533 604 609 trahant.
662 533 838 611 Inimicus
875 537 956 613 ani·

55 660 142 728 ne,
188 657 301 735 quam
335 635 376 711 in
409 636 573 710 oratioue
598 634 759 731 recolligi
795 637 959 733 incipere

56 738 241 839 conspicit,
264 734 485 833 digressionis
511 738 703 811 materiam
715 732 851 838 offert(
863 762 957 833 prae·

10 846 16 919 ἰ-
58 841 150 941 cipue
191 838 218 915 li
258 858 381 915 rerum
425 837 792 913 extraordinariorum
835 842 957 919 amica

10 921 25 1040 l
57 942 155 1019 suerit
180 936 202 1041 )
228 941 413 1039 cogitatus
436 940 516 1036 ejus
541 940 690 1013 deducit
714 942 762 1013 ad
787 940 860 1017 alia
894 943 957 1041 pis

10 1046 24 1174 's
62 1044 215 1143 chella:
254 1063 319 1141 per
352 1040 578 1138 phantasiam
605 1038 740 1114 format
765 1042 875 1119 verba
899 1045 958 1120 in·

64 1154 161 1235 tuna,
185 1146 396 1237 excitatque
423 1142 571 1217 vivaces
596 1142 731 1215 mentis
746 1142 957 1241 conceptus,

64 1258 97 1323 ut
114 1246 247 1345 pabulo
270 1244 341 1319 hoc
357 1266 388 1317 -a
418 1244 495 1317 Deo
512 1240 758 1330 abstrahatur,
784 1241 840 1330 &‚
853 1244 959 1322 sidu·

10 1396 13 1403 -
65 1344 146 1423 mm
168 1346 249 1445 ejus
267 1345 423 1447 ¹incauta
448 1343 545 1439 sequi
570 1344 792 1441 perrexerit,
829 1345 960 1441 ingen·

10 1456 16 1465 '
68 1444 149 1525 ahos
172 1445 395 1523 illusionibus
420 1446 653 1541 illaqueetur,
679 1466 725 1519 ac
750 1442 875 1519 seufim
914 1446 959 1521 h-

71 1568 107 1623 ue
125 1546 222 1625 sensu
244 1549 283 1623 in
305 1570 466 1646 praeceps
491 1562 632 1643 agatur.
698 1545 782 1621 Hac
814 1545 960 1625 ratione

70 1670 132 1727 nn
151 1650 259 1727 uullae
283 1649 379 1725 resta
402 1650 448 1725 ab
473 1648 579 1724 initio
597 1646 810 1723 incedentes
822 1647 961 1725 animae

10 1804 12 1809 -
72 1748 275 1849 mutim
298 1752 385 1827 dein
410 1774 456 1826 eo
478 1748 650 1847 prolapsae
662 1747 761 1837 sunt,
779 1750 873 1826 utin
886 1748 961 1827 suis

77 1852 277 1929 atomum
318 1874 404 1926 cum
438 1852 607 1927 daemone
632 1851 959 1931 communicarent.

76 1944 144 2029 th
162 1953 300 2031 ratione
323 1950 502 2029 haeresum
523 1951 737 2029 authoribus
759 1950 877 2043 salsae,
902 1975 961 2031 er·

10 2062 16 2135 ζ
77 2070 197 2145 meae,
219 2053 258 2131 δι
283 2050 501 2131 offendiculo
527 2053 645 2151 plenae
670 2052 860 2149 opiniones
878 2052 963 2131 sunt

10 2210 12 2223 .
79 2148 253 2232 tutata:
277 2157 376 2232 unde
401 2152 539 2232 irriseris
564 2154 738 2249 contigit,
765 2167 808 2229 ut
830 2177 903 2251 qno
923 2153 962 2233 se

10 2316 25 2351 ᾖ
82 2256 178 2351 una
200 2280 222 2335 a
247 2258 326 2333 Deo
352 2255 578 2333 illuminatos
603 2257 804 2344 crederent,
826 2277 963 2333 eoma-

10 2384 21 2451 ε
57 2378 62 2390 ·
106 2352 114 2369 ’
148 2358 256 2437 eDei
280 2357 430 2437 inimico
465 2358 643 2434 excaecati
675 2353 809 2443 essent,
845 2369 889 2431 ut
922 2356 963 2435 S.

12 2541 20 2557 ,
123 2544 127 2549 ,
234 2482 390 2537 acruce
423 2458 450 2553 (
476 2463 510 2535 ia
535 2456 666 2557 Ascrns.
690 2468 791 2532 nunt.
814 2451 894 2535 Lib.
926 2480 966 2539 a.

10 2620 32 2635 ..
83 2566 140 2655 ψ.
159 2586 213 2659 aa.
237 2568 266 2663 )
290 2557 469 2663 sapienter
489 2573 657 2637 annotat.

10 2808 35 2899 ²³³
86 2756 969 2953 ⁵⁵³stertisset?thlfllh

19 2992 23 2997 ·
85 2948 213 3045 horu
235 2964 442 3045 intelleslus
467 2965 630 3055 lumine,
652 2979 718 3043 aut
741 2990 764 3042 a
789 2967 970 3046 Daemone

152 3070 299 3159 euiaut,
323 3064 509 3163 sequentia
534 3064 603 3143 esse
624 3081 806 3167 poterunt.
858 3066 900 3145 Si
913 3068 970 3147 di·

138 3170 268 3249 nentis
306 3184 506 3269 conceptus
532 3190 617 3245 cum
640 3169 772 3247 humili
796 3192 841 3247 ac
865 3191 971 3247 rere-

82 3272 159 3347 ruri
189 3294 342 3360 amore,
381 3268 421 3351 δι
458 3294 543 3346 cum
577 3270 730 3361 intima,
764 3272 909 3366 quieta,
930 3268 974 3349 ἅτ

80 3372 216 3465 Νῆα
237 3372 356 3455 animi
376 3371 626 3453 recollesiioue
650 3372 831 3549 conjunc?
847 3369 975 3453 illuto·

680 3484 682 3493 '
817 3481 928 3568 caut.
