2220 3870
64 172 155 291 ἠ
248 187 315 292 Tr
340 122 603 327 1153&sz
631 152 866 327 Qidoifio

93 375 140 436 ut
164 358 309 437 differat
335 385 359 437 a
390 358 525 437 visione
558 358 739 461 naturali,
767 383 855 469 puae
887 381 1006 458 neque

93 465 217 558 quoad
245 461 496 548 substantiam,
539 482 658 555 neque
689 450 822 557 quoad
854 467 1006 540 modum

91 565 294 663 quidquam
313 562 426 641 habet
445 520 783 701 extraordinarii

96 789 156 844 11.
147 766 269 929 ,Εκ
291 765 351 840 his
379 762 550 841 omnibus
570 764 757 861 geminam
778 763 940 839 deducas
953 764 1006 840 se·

78 871 85 882 '
268 865 414 964 quelam
438 866 560 942 velim
612 866 735 942 Prima
755 864 825 954 est,
844 868 985 961 quod
952 889 1006 942 vi

92 964 144 1044 fio
168 989 340 1065 corporea
365 966 528 1042 ordinarie
556 966 702 1064 officiii,
726 966 824 1062 quod
854 966 907 1041 sui
930 966 1005 1064 spe·

93 1071 191 1144 ciem
211 1071 259 1147 ad
281 1069 407 1147 oculos
428 1069 676 1156 transmittat,
698 1066 927 1164 praesentiam
943 1092 1005 1144 ex·

90 1167 189 1266 sgat:
216 1192 280 1270 per
306 1171 404 1266 quod
439 1169 669 1264 distinguitur
700 1169 799 1245 ab
788 1168 1006 1281 maginario

91 1290 200 1367 aequc
218 1294 262 1347 ac
278 1270 512 1347 intellcstuali
531 1269 682 1358 visione
704 1284 833 1368 utpote
852 1292 1006 1365 quarum
1046 1276 1048 1325 ³

91 1384 225 1449 neutra
265 1372 484 1470 objestorum
521 1369 711 1470 praesentia
741 1395 833 1469 opus
871 1374 1003 1449 habet:
1045 1374 1048 1425 ³

92 1496 181 1589 cum
200 1474 320 1549 ambae
343 1472 464 1557 effici·
458 1473 592 1572 possint
609 1473 854 1557 combinando
870 1469 1005 1569 species
1043 1492 1045 1521 ³

91 1572 133 1650 in
166 1572 440 1673 phantastica&
468 1572 717 1651 intellestuali
723 1573 901 1648 memoria
928 1573 1004 1672 jam
1026 1584 1048 1645 ,ἰ

90 1675 194 1774 prius
214 1673 397 1773 repositas.
450 1674 539 1750 Dixi
561 1688 688 1750 tamen
711 1674 891 1750 ordinarie:
918 1675 1004 1769 quia

1043 1686 1048 1735 1

89 1773 252 1871 Angeli,
276 1788 319 1851 ut
343 1775 465 1873 postea
490 1775 629 1860 dicam,
656 1775 770 1848 etiam
798 1772 926 1870 objesti
940 1799 1007 1850 an·
1043 1770 1048 1839 ἑ

89 1888 130 1953 te
151 1876 278 1952 oculos
301 1901 375 1952 non
401 1875 589 1950 existentis
619 1872 775 1972 speciem
793 1873 931 1971 semper
957 1879 1006 1954 ad
1044 1888 1048 1942 :

58 1978 219 2054 ‘oculos
251 1978 502 2054 transmittere
526 1972 689 2073 possunt:
716 1973 755 2050 dt
781 1972 829 2049 sic
851 1974 1004 2069 efficere
1044 1986 1048 2051 s

87 2092 134 2155 ut
156 2079 271 2155 etiam
296 2077 424 2177 objecti
448 2100 522 2150 nou
546 2074 732 2173 praesentis
757 2072 845 2151 visto
877 2100 1004 2176 corpo·

84 2202 152 2262 rea
186 2178 388 2258 enascatur
455 2176 585 2253 Altera
617 2174 759 2273 sequela
790 2175 868 2265 est,
906 2182 1005 2274 quod
1046 2192 1048 2238 2

86 2304 273 2378 corporeae
293 2278 448 2354 visiones
474 2277 604 2376 majori
627 2277 822 2353 verborum
845 2283 1006 2378 proprie·
1047 2292 1048 2337 ³

87 2391 168 2459 tate
193 2381 440 2480 apparitiones
466 2379 539 2453 dici
542 2377 710 2495 &possint
731 2384 843 2475 quam
857 2396 1004 2458 caetcrae

88 2481 267 2559 visiones.
303 2482 390 2557 licet
416 2479 580 2556 enimin
613 2480 729 2554 omni
737 2479 916 2557 visionum
938 2508 1002 2580 ge-

25 2662 28 2667 <
87 2597 176 2662 nere
210 2583 390 2683 objectum
427 2580 612 2696 quoddaru
643 2582 820 2696 potentiae
854 2584 1004 2660 cuidant

88 2695 244 2781 opponet,
212 2685 317 2760 rid
340 2694 465 2760 tamen
491 2681 611 2777 magis
637 2683 833 2758 convenire
856 2684 1006 2761 videtur

87 2784 200 2874 visui,
234 2786 297 2880 qui
336 2785 433 2860 circa
465 2783 656 2881 objesium-
671 2783 725 2858 dc'
748 2783 940 2881 improviso
967 2786 1005 2863 se

83 2886 281 2963 ostendens
306 2885 352 2962 ab
387 2884 494 2961 oculo
532 2884 722 2960 formatur.
786 2886 836 2960 Et
860 2908 900 2959 re
926 2887 1003 2986 ipsa

89 2986 338 3086 apparitiones
371 3009 436 3061 eas
472 2985 630 3083 appellat
664 2973 725 3062 P.·
733 2981 908 3062 Alrarus
953 2990 1007 3067 de

85 3086 206 3206 Paz(
235 3083 324 3160 Tom.
351 3115 385 3184 3.
408 3082 485 3163 Lib
512 3108 546 3183 5.
573 3110 643 3183 cop.
675 3096 732 3177 ιδ’,
758 3083 928 3184 )Tales
935 3114 1002 3169 eas

85 3191 178 3271 dicit
202 3187 512 3266 Eminentissrmus
533 3168 1005 3289 Joannes⁹Bona1ndosio

86 3318 134 3373 ac
170 3291 313 3368 erudito
345 3289 517 3367 Trattatu
554 3289 595 3363 dr
648 3285 851 3386 Disoarone
894 3289 1003 3390 spiri

85 3405 182 3551 tuan
210 3416 286 3499 σῳ.
309 3418 402 3522 aq.
410 3416 445 3473 n·
481 3414 519 3477 a
557 3390 701 3479 Eodem
739 3413 806 3472 eas
851 3394 1005 3475 nomine

596 3522 607 3551 ⁶
851 3515 954 3577 com-
