2220 3870
87 144 183 271 288
239 129 309 231 Tm·
338 129 409 249 [V.
448 128 549 268 Cep.
577 126 721 227 XIX.
760 128 952 243 Manita.

83 301 371 384 revelationibus
396 297 555 377 securius
591 299 660 388 est,
686 298 791 376 illum
815 309 1004 396 quaerant:

84 409 162 486 imo
195 405 226 482 sa
258 406 299 481 in
321 427 396 479 non
418 401 605 477 neminem
631 401 792 491 incidat,
822 402 894 499 -qui
935 403 1005 481 hu⁴

21 511 31 525 ’
85 507 249 612 jusmodi
279 527 403 585 aarum
434 503 604 600 cupidine
656 516 828 594 tenetur,
860 504 1004 591 nullam

86 608 227 710 spiritui
253 606 333 706 ejus
358 604 470 680 fidem
496 605 658 680 habeat:
687 604 831 700 eoquod
870 603 1003 705 santii,

85 712 284 813 inquibus
313 729 423 784 verus
448 705 517 780 Dei
544 705 689 804 spiritus
714 705 910 797 refidebat,
958 708 1003 784 ab

85 807 299 911 huiuamodi
317 808 492 884 'favorum
507 808 677 905 cupidine
703 807 904 885 alieniffimi
915 807 1004 885 sem·

89 932 155 1014 per
185 912 345 998 fuerint,
371 922 454 986 tum
478 910 577 1005 quod
602 908 637 984 se
663 909 737 987 illis
763 910 1004 1008 indignosre·

113 1026 286 1103 utareat,
342 1024 424 1086 tum
459 1010 557 1105 quad
595 1009 780 1086 illufiones
819 1012 1004 1089 timerent.

36 1179 39 1183 .
85 1039 132 1194 in
157 1117 256 1196 Vitis
280 1114 432 1219 Patrum
458 1109 485 1204 ζ
509 1104 587 1188 Lib.
615 1135 650 1207 5.
678 1107 802 1191 Libello
829 1137 889 1217 «15,
933 1138 1004 1223 cap.

88 1224 148 1316 (lq.
176 1217 195 1319 )
220 1215 437 1316 praeclamm
460 1212 532 1289 hoc
559 1214 824 1309 documentum
832 1215 1005 1311 legimus:

86 1316 130 1397 Si
162 1344 225 1418 pra
250 1320 385 1402 ueritate
409 1311 560 1412 Angelus
584 1312 645 1407 elli
667 1328 847 1412 appareat,
869 1339 935 1390 uon
946 1315 1009 1414 su·

79 1421 206 1523 scipius
238 1415 358 1515 facile,
377 1415 442 1513 sed
474 1412 608 1489 tamilla
638 1411 836 1515 temetipsum
878 1417 1009 1492 diceus:

87 1547 154 1601 uon
186 1520 263 1622 sarm
285 1519 408 1616 dignus
431 1517 582 1612 angelum
607 1516 715 1595 uidene
740 1520 916 1597 ulmeam
978 1543 1010 1595 u·

88 1628 200 1701 catis..
229 1623 292 1701 Sic
323 1620 396 1696 viri
420 1616 528 1702 sensti
553 1620 592 1694 in
618 1619 773 1697 materia
798 1619 893 1703 ade'a
947 1645 1009 1697 ca·

88 1725 190 1805 baasa
225 1719 442 1823 precelsete3
477 1721 528 1800 Et
564 1720 603 1797 S.
639 1721 800 1821 Jaanaea
831 1718 861 1798 'a
886 1721 1007 1798 Cruce

26 1906 29 1910 ,
87 1827 118 1924 s
143 1823 275 1923 Asemfi
301 1834 400 1897 mont.
427 1817 506 1896 Lib.
534 1848 569 1902 a.
595 1845 668 1920 cup.
695 1819 803 1923 27.)
848 1826 1009 1902 nanda⁴

88 1928 224 2007 bitavit
248 1924 422 2025 seribere:
449 1937 573 2018 quanto
598 1927 705 2022 magis
728 1918 1010 2023 ueeeffiariumerit,

87 2029 189 2122 eolo
202 2025 372 2101 admittere
396 2024 490 2098 modo
504 2045 518 2110 ,
544 2025 724 2122 nullamque
740 2022 891 2109 adhibere
905 2028 1010 2128 fidem

88 2124 336 2206 revelationibus
366 2125 450 2212 illis,
481 2147 553 2222 qua
572 2126 656 2225 sum
689 2124 839 2204 derebus
864 2129 1009 2225 diuerfis,

89 2230 132 2308 8
163 2222 401 2329 deferentibus,
433 2228 468 2302 lo
492 2225 609 2323 quibus
632 2227 879 2328 persuadendis,
894 2233 1009 2330 inepti⁴

86 2331 276 2430 mendisque·
295 2329 460 2407 ordinarie
482 2341 611 2409 tautum
631 2331 755 2408 demon
775 2343 927 2408 conatum
951 2330 1010 2409 ad·

88 2433 197 2522 tite,
222 2445 262 2508 ut
286 2427 388 2506 ueluti
413 2428 594 2532 impaafflbile
610 2434 781 2531 judicem,
807 2458 873 2509 non
903 2432 1010 2535 decipi

87 2562 178 2624 eum,
204 2536 263 2632 qui
288 2531 363 2610 illas
386 2556 452 2608 nan
477 2532 617 2633 respuit,
648 2557 687 2612 ac
715 2533 885 2635 repudiat.-

90 2761 180 2838 247.
247 2733 413 2814 ianime
435 2747 566 2814 autem
591 2750 719 2817 contra
742 2736 845 2816 suam
880 2739 1011 2819 volun«

90 2911 93 2915 .
185 2866 189 2873 ’
296 2850 416 2915 tatem
447 2839 576 2916 aDeo
600 2862 665 2937 per
699 2839 1010 2921 extraordinarios

90 2939 163 3021 has
187 2939 271 3020 vias
292 2941 451 3017 ducatur
487 2939 507 3040 (
532 2938 708 3037 sequidem
734 2944 881 3023 animas
902 2944 1009 3021 iavi-

86 3067 176 3135 am,
203 3063 277 3140 qua
299 3041 468 3139 progredi
492 3041 647 3133 debent,
673 3045 850 3121 inducere
867 3049 1008 3124 adeum

84 3144 133 3224 ἀ
163 3143 378 3238 neutiquam
406 3143 455 3222 ad
480 3168 549 3220 nas
573 3146 733 3242 pertinet
771 3144 910 3246 )tunc
947 3145 1009 3234 Di·

86 3247 209 3326 aeliae
245 3265 331 3323 eam
354 3243 547 3343 diligenter
571 3250 778 3338 examinet,
805 3273 851 3327 ac
887 3249 1009 3335 sacua·

82 3346 189 3519 2¹¹2
218 3344 519 3449 Menapila
548 3346 669 3455 iiiiii,
692 3351 887 3443 ³‹leclemlt
910 3351 1011 3533 gli*
