2220 3870
156 139 238 233 12'8
276 126 341 235 Tr.
362 128 438 228 W.
461 130 560 267 Cpp.
603 125 710 237 VM.
751 123 1046 247 Intellessuaser.

153 297 342 377 tatiacum
367 297 439 374 suis
465 299 790 397 imaginationibus
816 314 1060 379 concurreret

153 400 322 481 Et.certe
348 401 387 475 in
413 401 564 477 dubium
592 402 756 499 revocari
791 402 941 497 nequit,
976 405 1066 499 quin

153 500 256 597 Deus
294 499 475 579 distinsias
507 502 575 576 lias
610 502 872 603 inteileiiuales
908 502 1065 581 visiones

154 598 372 701 quandoque
402 601 473 678 suis
500 604 609 679 servis
635 604 880 701 impertiatur:
906 603 997 689 ficut
1025 630 1065 681 e·

155 707 234 782 iiim
267 702 401 801 Angeli
435 704 639 781 intellestus
675 703 728 779 sui
753 708 883 782 obtutu
911 730 985 781 non
1011 707 1066 783 so·

154 807 233 883 luni
265 827 439 904 corpora,
497 796 556 881 sed
589 805 628 883 &
662 829 788 883 eorum
811 808 994 895 membra,
1021 832 1066 885 ac

154 905 351 1003 singulares
371 907 517 987 iliorum
543 907 740 1004 qualitates
762 908 975 999 intuentur;
1016 906 1064 985 sic

153 1008 197 1186 ᾧ
218 1010 401 1085 humanus
426 1008 627 1085 inteliettus
658 1034 703 1085 ea
727 1010 849 1085 videre
875 1008 1015 1111 potest,
1040 1008 1066 1087 st

182 1111 281 1193 ivina
306 1110 387 1185 luce
402 1108 628 1200 illustratus,
654 1135 697 1186 ac
736 1110 783 1187 ad
807 1108 990 1210 ejusmodi
1026 1136 1066 1191 a.-

156 1212 253 1291 sium
278 1210 605 1292 elevatus-suerit,
635 1212 818 1287 ¹Secunda
847 1212 930 1287 haec
961 1210 1066 1288 visio-

154 1337 245 1411 num
283 1311 417 1411 species
450 1312 579 1412 majori
612 1334 722 1408 quain
758 1314 854 1411 prior
883 1313 923 1389 in
946 1316 1065 1415 pretio

156 1415 209 1491 est
249 1414 441 1504 habenda,
475 1437 518 1490 ac
543 1413 701 1512 majores
724 1415 861 1502 etiam,
887 1426 930 1490 ut
954 1438 1067 1496 nemo

155 1524 231 1595 non
256 1516 376 1606 videt,
401 1510 549 1593 eriasus
574 1517 772 1615 producere
797 1514 917 1593 debet.

160 1743 242 1797 110.
255 1712 449 1877 Verum
473 1716 537 1793 hic
557 1716 650 1793 mihi
672 1742 746 1795 non
771 1741 880 1793 nemo
903 1716 1066 1817 objiciet:

370 1816 397 1894 si
420 1819 635 1915 imaginatio
659 1818 777 1895 nostra
803 1818 1066 1899 adinteilottu·

157 1919 235 1997 ales
269 1917 424 1995 visiones
456 1920 556 1996 nulla
581 1921 722 1998 ratione
747 1920 949 2010 concurrit,
976 1942 1066 2018 qua·

154 2020 239 2097 liter
263 2021 397 2117 poterit
421 2021 545 2098 anima
570 2022 618 2097 ad
644 2021 677 2096 se
702 2021 815 2120 ipsam
839 2018 981 2099 reversa
1026 2046 1066 2099 e·

154 2122 315 2223 jusmodi
340 2121 517 2199 visionum
541 2122 760 2199 recordari?
784 2121 948 2221 qualiter·
962 2137 1066 2222 pote·

156 2223 205 2300 rit
229 2247 293 2301 eas
319 2223 424 2314 aliis,
449 2222 634 2320 speciatim
658 2224 892 2300 direttoribus
918 2246 1066 2301 enarm-

155 2324 224 2425 re?
276 2323 339 2401 Ad
363 2324 445 2401 haec
470 2326 580 2401 dubia
603 2324 688 2401 cum
714 2323 893 2423 Angelico
910 2324 1065 2403 Dostore

157 2426 186 2524 s
205 2454 246 2515 .2·
276 2452 310 2504 2.
337 2450 393 2521 qn.
424 2451 505 2525 175.
529 2440 594 2502 ort.
617 2451 644 2525 4
667 2426 713 2499 ud
736 2453 771 2522 3.
796 2429 824 2523 )
850 2422 1067 2525 respondeo,

158 2528 256 2623 quod
281 2526 541 2603 inteilennales
563 2526 718 2605 visiones
741 2526 895 2625 speciem
931 2528 1068 2605 intelli·

155 2627 305 2727 gibilem
320 2627 359 2703 in
382 2628 566 2705 iirtellesiu
586 2627 850 2724 relinquant&
865 2630 1067 2725 quamdam

70 2810 73 2819 s
156 2729 299 2817 divini,
326 2750 397 2825 quo
423 2729 592 2807 formatae
620 2729 718 2818 sunt,
745 2728 896 2806 luminis
922 2747 1065 2828 partem

155 2831 195 2906 in
220 2829 446 2929 phantasiam
469 2830 681 2907 refundant:
706 2830 743 2907 dt
766 2831 852 2906 hinc
877 2830 1067 2930 phantasia

155 2928 227 3031 hoc
252 2932 410 3022 lumine,
437 2930 475 3008 δι
499 2931 561 3007 ilia
585 2931 698 3028 specie
724 2932 850 3031 adjuta
867 2934 1066 3029 quamdam

96 3126 101 3135 ι
156 3032 302 3132 objesti,
329 3034 427 3135 quod
450 3033 654 3109 inteliestus
680 3032 796 3122 vidit,
833 3035 1067 3132 imaginatio·
1102 3044 1104 3099 i

150 3159 245 3211 ,nem
270 3133 600 3233 conciperepotest.
652 3132 814 3211 Unde&
840 3136 979 3219 anima.
993 3134 1066 3236 post

155 3234 270 3321 [distas
302 3233 456 3310 visiones
491 3257 580 3324 res,
612 3256 714 3330 quas
735 3235 853 3335 primo
893 3234 1066 3336 spirituali
1091 3276 1103 3325 ,ι

59 3378 62 3383 -
156 3338 267 3425 niodo
306 3334 507 3430 intellexit,
548 3330 669 3438 postea
700 3339 816 3416 etiam
848 3337 1066 3471 imaginario

262 3468 265 3473 ·
940 3466 1021 3521 mo·
