2220 3870
124 288 126 293 ,
261 183 538 321 purgationum
571 177 767 318 frisius..
922 213 1014 311 507

96 346 200 424 narie
225 347 333 425 valde
360 348 482 426 serena
505 373 550 426 ac
573 349 673 427 suavi
688 349 1012 448 contempla-tione.

96 450 174 547 lpse
204 449 322 526 sensus
360 463 476 527 tantae
509 453 627 528 crucis
667 454 825 549 pondere
859 453 924 529 diu
949 475 1015 552 op·

96 550 232 650 pressus
256 551 429 649 respirat,
463 552 503 630 ὅ(
536 553 708 650 persentit
733 580 806 630 non
831 556 944 633 modo
974 578 1017 631 a·

95 676 258 729 maenam
282 678 434 750 pacem,
461 654 520 730 sed
547 654 584 733 ὅ(
610 659 793 753 puriorem
819 679 865 732 ac
896 654 1015 753 majo·

96 777 175 829 rem
201 756 430 844 suavitatem,
456 779 567 851 quam
592 769 680 833 ante
703 757 1016 856 purgationissuae

95 855 291 952 ingressum
327 873 499 956 expertus
531 858 675 950 suernt3
711 872 792 935 tum
819 857 1017 957 quincius

95 957 289 1034 delestatio
312 973 402 1035 tunc
422 959 498 1058 iam
522 984 596 1035 non
619 962 734 1037 oritur
747 985 795 1037 en
819 960 1017 1054 luco-qua-

94 1060 183 1135 dam
206 1060 389 1150 inferiori,
416 1061 476 1137 sed
500 1086 547 1137 ex
572 1085 674 1161 purae
692 1059 1019 1164 contemplationis,

93 1158 349 1255 luminectum
373 1164 459 1259 quia
482 1188 617 1261 magna
642 1162 717 1264 jam
743 1188 791 1239 ex
815 1176 1018 1261 parteput·

93 1276 208 1359 gatus
234 1265 282 1339 ad
295 1265 552 1362 ,impressiones
575 1265 720 1364 spiritns
743 1265 864 1361 magis
887 1263 936 1343 se·
952 1285 1024 1345 ane

95 1366 320 1441 commodat.
371 1367 444 1443 Hic
467 1369 590 1443 anima
612 1367 808 1465 persentire
833 1364 965 1463 incipit
973 1364 1018 1441 sv-

92 1465 175 1545 tim-
192 1465 293 1543 illam
338 1467 611 1563 proficientibus
636 1469 837 1567 propriam.
871 1469 1018 1564 de'qna
1067 1530 1071 1538 .

93 1565 268 1644 Traiiatn
297 1567 453 1647 secundo
477 1571 598 1668 capite
622 1570 720 1647 Xlls.
749 1566 1018 1650 sermonem'se·

93 1667 149 1742 ci:
175 1666 351 1764 fiquidem
374 1671 413 1744 in
432 1671 512 1770 ejus
534 1672 646 1747 corde
657 1683 769 1746 certae
795 1669 1018 1765 erganeum

91 1769 323 1859 anxietates,
339 1792 423 1866 quae
449 1773 547 1847 unde
572 1772 787 1860 nascantur,
811 1770 887 1870 ipsa
912 1771 1018 1867 igno·

89 1884 153 1949 rat
179 1926 189 1957 ‚
224 1870 434 1968 insuogunt,
458 1898 534 1949 non
558 1870 633 1953 stne
656 1873 869 1949 vehementi
889 1894 1024 1953 amore*

89 1970 288 2064 insus03&
314 1994 387 2070 quo
403 1975 524 2071 magis
550 1975 622 2050 hoc
646 1975 783 2051 amoris
801 1975 1017 2049 incendium

90 2073 263 2152 increscit
282 2120 315 2164 ,·
353 2101 397 2152 eo
436 2076 682 2157 ferventiores
725 2077 841 2152 etiam
865 2075 1021 2154 amoris,

90 2175 304 2253 anxietates
343 2177 574 2265 excitantur,
595 2178 745 2272 onibus
769 2190 875 2253 tanta
899 2198 1024 2273 quane-

89 2277 215 2372 doque
240 2277 441 2354 vivacitate
464 2290 780 2375 commetiatur,
811 2291 855 2353 ut
890 2276 929 2354 se,
956 2290 1016 2352 no·

93 2389 176 2455 tam
201 2376 387 2464 consumi,
413 2376 452 2453 ὅ(
477 2379 517 2452 in
543 2377 641 2457 dulci
666 2378 844 2473 languore
876 2377 1047 2455 viribus>

93 2479 252 2560 deficere
293 2479 576 2556 animadvertat.
648 2478 692 2554 ln
719 2478 791 2553 hoc
821 2478 918 2554 statu
940 2503 1019 2557 non

88 2581 204 2660 nullis
230 2580 386 2663 visiones
409 2578 488 2656 ta'm
497 2579 779 2669 intellectualem
793 2579 1027 2676 quamima·'

90 2684 277 2782 ginanae,
302 2682 511 2758 locutiones
538 2683 645 2759 valde
672 2681 826 2769 suaves,
847 2679 887 2758 &
910 2700 1017 2758 reve·

85 2784 250 2865 sationes
275 2784 383 2861 valde
395 2783 572 2862 amabiles
593 2784 863 2882 impertiuntur.
914 2780 1015 2860 Aliis

88 2887 207 2964 etiam
239 2884 402 2962 Ecstases
429 2910 474 2963 ac
515 2898 643 2984 raptus
679 2908 765 2961 cum
803 2884 1016 2963 elevatione

87 2987 273 3085 corporis,
299 2986 338 3063 δι
358 2986 664 3086 perditioneusus
687 2984 854 3063 sensuum
880 3009 1014 3062 conce·

86 3092 239 3166 duntur.
290 3089 433 3166 Paucis‘
447 3091 594 3165 videtur
614 3089 739 3165 anima
763 3113 787 3166 a
809 3087 929 3184 rigida
939 3085 1014 3165 sic-1

86 3188 280 3270 citatis&
317 3190 547 3269 cruciatuum
577 3192 714 3290 hyeme
748 3190 797 3266 ad
837 3187 1022 3266 floridum

86 3317 133 3370 ac
162 3314 352 3369 amoenum
382 3292 581 3368 coelestium
616 3292 909 3370 consolationum
942 3309 1032 3368 ver·

85 3393 249 3475 transne.
296 3393 404 3474 Licet
428 3393 611 3495 ejusmodi
635 3394 802 3498 personne
824 3391 874 3470 ab
905 3391 1011 3476 omni

849 3515 953 3597 prot·
