2220 3870
136 236 139 241 >
196 195 483 328 ¹purgationum
506 191 682 333 fiutlus.
861 226 938 310 '511

69 389 108 443 m
141 364 359 464 purgantia,
394 383 477 457 quae
517 365 619 441 Deus
666 363 714 442 ad
746 366 936 466 expolien-

69 493 107 544 m
149 465 314 542 animam
348 464 519 556 adhibet,
555 468 719 543 remedia
754 469 938 551 ordinaria

80 569 309 656 communia,
333 581 398 642 aut
422 565 530 652 valde
549 568 837 647 extraordinaria
849 571 938 653 sint:

69 673 198 767 ‚uidem
224 693 272 742 ex
308 667 379 742 hoc
408 667 565 744 faciliter
592 672 696 766 argui
713 673 837 766 potest,
849 696 942 770 qua-

69 798 96 847 n
134 770 383 869 huiuscemodi
410 773 580 867 purgatio
618 771 786 847 sortitura
817 774 941 854 snex·

69 898 135 950 rm:
182 895 267 947 cum
306 872 432 947 divina
462 895 595 957 manus
633 875 940 973 contemplativos
984 960 988 975 ,

69 988 152 1071 pote
165 972 335 1069 singulari
356 973 538 1051 munditie
553 974 762 1073 indigentes
785 1000 941 1078 magno·

69 1100 107 1153 re
138 1098 304 1174 premere
331 1074 455 1152 soleat.

74 1309 107 1360 2.
213 1278 286 1365 ixi,
313 1275 412 1372 quod
431 1276 554 1354 anima
580 1278 658 1378 post
674 1281 946 1379 purgationem
972 1307 973 1310 ‘
1008 1274 1014 1286 ’

232 1377 354 1453 sensus
376 1379 552 1468 vinones,
576 1380 804 1479 locutiones,
838 1408 944 1468 reve·

69 1485 210 1570 iones,
245 1481 323 1556 imo
351 1479 390 1556 δι
418 1480 567 1558 ecstales
581 1488 944 1586 acraptnsrecipiam

69 1609 139 1683 quev
171 1584 282 1679 longo
330 1596 494 1680 tempore
534 1582 650 1659 vaide
680 1588 863 1666 ordinaria
897 1614 945 1669 ae

69 1688 125 1764 avi
167 1684 480 1783 contemplatione
519 1684 735 1780 perfruatur.
804 1689 948 1771 Verum

69 1788 238 1888 reipsum
269 1809 343 1861 non
371 1787 542 1860 omnibus
568 1788 697 1864 eodem
727 1793 838 1867 modo
859 1816 947 1870 con·

69 1892 148 1988 igit.
197 1889 296 1967 Novi
324 1886 538 1987 personam,
565 1908 648 1985 quae
667 1892 949 1989 atrocilfimam‚

69 2015 112 2069 ιω
159 1992 232 2067 dici
269 1991 395 2089 pellit,
435 1991 694 2088 purgationem
723 1995 948 2089 exantlavit,

97 2094 217 2170 rursus
251 2093 391 2181 aliam,
416 2113 501 2188 quae
528 2092 647 2168 multo
678 2097 863 2172 mitiorem
889 2099 949 2175 lu·

69 2197 170 2271 nuit:
208 2194 247 2270 ’ἀ
272 2195 392 2270 ambae
423 2197 521 2269 inter
545 2192 754 2292 hujusmodi·
788 2200 950 2296 probati·

69 2322 143 2374 rum
177 2295 339 2398 pericula
378 2295 497 2371 multa
526 2318 612 2370 cum
650 2298 787 2373 virtute
825 2301 949 2398 persti-

71 2411 168 2476 runt.
219 2398 363 2474 Interea
387 2408 513 2470 tamen
535 2395 708 2494 posterior
725 2398 808 2474 haec
832 2402 954 2478 multo
1031 2416 1036 2431 “

69 2502 225 2590 nribus,
262 2520 374 2596 quam
408 2498 505 2594 prior
538 2497 623 2587 illa,
655 2499 842 2576 favoribus
877 2503 950 2580 fuit

69 2602 231 2682 amulata.
282 2600 362 2678 Nec
388 2599 459 2674 hoc
489 2619 712 2694 quemquam
731 2602 864 2679 mirum
881 2603 951 2682 ha·

69 2719 147 2782 eat:
188 2727 273 2779 cum
306 2701 376 2777 fint
402 2698 533 2797 gratiae
563 2703 680 2797 gratis
712 2702 832 2794 datae,
866 2726 951 2804 quae

69 2809 98 2886 rb
134 2806 274 2881 nullum
308 2805 448 2880 cadunt
482 2802 676 2894 meritum,
716 2802 756 2882 ἃ
789 2807 953 2906 imperti·

69 2922 147 2984 ‚rtur
176 2930 198 2984 a
232 2909 312 2983 Deo
328 2962 350 3002 ,,
386 2904 446 2981 cui
482 2903 582 2993 vult,
615 2904 655 2981 δε
690 2908 837 3000 quando
872 2911 960 2988 vult¹

69 3009 236 3107 operari,
271 3009 376 3108 juxta
404 3005 499 3082 fines
528 3004 601 3081 luae
625 3009 866 3103 providentiae
888 3010 974 3088 fibi.

69 3111 100 3186 li
126 3124 244 3185 notos.
297 3111 357 3186 Ex
375 3110 508 3205 quibus
533 3104 669 3194 infero,
711 3112 828 3204 quod,
864 3112 977 3198 licet,

69 3213 206 3309 argatio
240 3212 279 3285 in
320 3208 668 3308 contemplationem
704 3214 955 3290 extraordina-

69 3339 131 3393 am
172 3311 329 3388 desitura
377 3311 439 3398 fit,
482 3335 592 3387 nemo
615 3325 740 3387 tamen
765 3313 958 3410 praesagire

69 3415 159 3505 alsit,
191 3415 239 3489 ad
265 3411 410 3509 qpalem
443 3413 765 3513 contemplationis
800 3418 958 3512 gradum

69 3512 167 3597 enea
189 3515 337 3597 bonitas
365 3516 530 3605 animam
547 3512 736 3636 elevatura
752 3513 809 3599 fit.
872 3541 957 3623 153.
1025 3599 1027 3602 Α
