2220 3870
297 185 301 193 '
411 166 696 256 Macorabila'aa.

85 340 255 440 legerat.
307 337 503 431 Quomodo
519 362 648 419 earum
672 339 810 418 veritas
827 339 931 442 poffit
952 366 1016 428 oo,-

87 443 221 543 gnolci.
239 465 320 540 rpo.
336 439 375 519 dc
399 466 482 539 ror.
536 443 684 525 Poffunt
694 447 838 543 probari
853 467 918 544 per
928 449 1030 525 obe·-

87 545 286 632 dientianr,
314 543 427 619 modo
435 554 619 645 praecepta
632 569 707 639 non
720 544 790 622 lint
812 569 1019 647 puremen·
1045 584 1048 589 ·

87 649 199 738 talia,
224 647 285 722 led
303 645 421 729 etiam
439 661 594 741 externe
620 646 864 728 manifestata.
916 651 1018 733 Aliae

37 790 40 799 ·
87 763 214 827 autern
233 746 470 847 probationes
489 751 731 848 reprobantur
750 763 930 851 tauquam
949 754 1017 834 ab·
1042 794 1046 807 =

37 907 39 933 1
86 849 173 927 ulus
197 849 425 927 auctoritatis
448 850 749 950 diretloris.1qa,
867 923 868 927 .

517 1050 577 1133 F.

88 1153 269 1335 Fauilla
294 1256 432 1357 amoris
449 1257 539 1353 quid
558 1254 611 1337 lit.
638 1254 702 1336 III.
730 1263 791 1360 67.
847 1254 850 1259 ’
968 1320 972 1325 .

45 1364 48 1369 ’
141 1361 295 1438 Fiducia
323 1362 362 1435 in
401 1363 512 1435 deum
540 1375 674 1460 potens
703 1373 833 1438 contra
867 1356 1021 1439 alluitur

87 1464 273 1546 daemonis
284 1462 718 1539 etiamextraordinarios
729 1461 939 1568 squtum.V.
955 1469 1018 1560 qo.

143 1563 311 1643 Flarnrna
325 1566 463 1639 amoris
481 1563 704 1653 favorvalde
723 1562 912 1657 sublimis,
937 1564 1020 1643 rna·
1062 1615 1065 1620 -

88 1670 228 1769 gnique
258 1666 730 1764 gauduferax.111.255.
914 1716 917 1720 -
984 1702 987 1707 ·

457 1844 673 1982 ..G‘¹

178 2073 275 2153 tatia
293 2068 520 2152 sanctificans
546 2072 636 2172 quid
658 2069 729 2152 sit:
759 2065 842 2175 ejus
861 2071 1054 2159 excelsae.

204 2178 459 2278 proprietates.
488 2176 515 2253 l.
544 2200 604 2275 50.
888 2214 897 2235 ν

146 2281 288 2354 Gratiae
319 2281 437 2374 gratis
457 2280 556 2356 datae
575 2289 687 2377 quot,
711 2275 915 2375 qualesque
935 2272 1033 2355 snt.-

91 2378 122 2463 Ι.
151 2396 213 2468 88.
264 2379 509 2456 Declarantur
533 2381 573 2456 in
591 2380 816 2480 particulari.
845 2386 928 2457 roa.
985 2422 991 2427 ·

144 2480 290 2561 Gratiae
307 2479 469 2557 aquales
490 2482 587 2578 quid.
603 2480 644 2559 dr
669 2476 1037 2578 quamneceffaria-
1065 2542 1068 2546 .

96 2582 167 2666 srnt
187 2586 236 2662 ad
256 2581 358 2660 auus
381 2581 684 2680 supernaturales.
725 2602 785 2680 53.

145 2686 287 2764 Gratiae
322 2685 623 2762 extraordinariae
663 2685 797 2781 aliquae
830 2676 1020 2781 perfeetio-

93 2789 246 2866 nemin
277 2788 402 2865 anima
433 2787 656 2885 supponunt,
694 2786 777 2862 aliae
806 2807 882 2859 non
909 2782 1019 2877 item',

93 2889 273 2969 l'edillam
296 2892 513 2988 producunt.
541 2886 605 2965 IV.
633 2893 719 2975 oo.¹
1003 2948 1005 2952 Α

146 2992 289 3070 Gratiae
311 2990 613 3070 extraordinariae
636 2983 958 3085 contemplationis
980 2984 1043 3099 ²¹¹,

94 3117 230 3195 genere
257 3092 388 3190 saepius
411 3093 596 3180 neminis,
631 3113 743 3186 quam
768 3089 861 3171 uiris
887 3112 1021 3165 conce-

92 3194 401 3374 duntug‘.scujus
432 3197 569 3299 aliquae
602 3193 769 3276 rationes
803 3184 1021 3274 afferuntru.

92 3303 183 3384 261.
285 3317 343 3396 eq.

759 3454 967 3639 sa
