<?xml version="1.0" encoding="UTF-8"?>
<!DOCTYPE html PUBLIC "-//W3C//DTD XHTML 1.0 Transitional//EN"
    "http://www.w3.org/TR/xhtml1/DTD/xhtml1-transitional.dtd">
<html xmlns="http://www.w3.org/1999/xhtml" xml:lang="en" lang="en">
 <head>
  <title>
</title>
<meta http-equiv="Content-Type" content="text/html;charset=utf-8" />
  <meta name='ocr-system' content='tesseract 3.04.00' />
  <meta name='ocr-capabilities' content='ocr_page ocr_carea ocr_par ocr_line ocrx_word'/>
</head>
<body>
  <div class='ocr_page' id='page_1' title='image "./directoriummyst00scargoog_0020.png"; bbox 0 0 2100 3870; ppageno 0'>
   <div class='ocr_carea' id='block_1_1' title="bbox 14 48 976 341">
    <p class='ocr_par' dir='ltr' id='par_1_1' title="bbox 14 48 976 341">
     <span class='ocr_line' id='line_1_1' title="bbox 14 48 976 341; baseline 0.008 -50"><span class='ocrx_word' id='word_1_1' title='bbox 14 48 22 341; x_wconf 76' lang='grc' dir='ltr'>Ι</span> <span class='ocrx_word' id='word_1_2' title='bbox 168 197 259 327; x_wconf 82' lang='lat' dir='ltr'>fine</span> <span class='ocrx_word' id='word_1_3' title='bbox 287 194 457 325; x_wconf 74' lang='lat' dir='ltr'>visiones</span> <span class='ocrx_word' id='word_1_4' title='bbox 490 195 825 299; x_wconf 58' lang='lat' dir='ltr'>extraordinarie.</span> <span class='ocrx_word' id='word_1_5' title='bbox 948 234 976 320; x_wconf 86' lang='lat'>5</span> 
     </span>
    </p>
   </div>
   <div class='ocr_carea' id='block_1_2' title="bbox 14 366 971 1764">
    <p class='ocr_par' dir='ltr' id='par_1_2' title="bbox 14 366 971 1764">
     <span class='ocr_line' id='line_1_2' title="bbox 68 366 971 465; baseline 0.01 -24"><span class='ocrx_word' id='word_1_6' title='bbox 68 366 165 444; x_wconf 78' lang='lat' dir='ltr'>ferme</span> <span class='ocrx_word' id='word_1_7' title='bbox 183 369 308 445; x_wconf 83' lang='lat' dir='ltr'>nihilo</span> <span class='ocrx_word' id='word_1_8' title='bbox 323 369 449 445; x_wconf 89' lang='lat' dir='ltr'>minus</span> <span class='ocrx_word' id='word_1_9' title='bbox 473 388 584 465; x_wconf 89' lang='lat' dir='ltr'>quam</span> <span class='ocrx_word' id='word_1_10' title='bbox 596 370 792 463; x_wconf 86' lang='lat' dir='ltr'>veritatem</span> <span class='ocrx_word' id='word_1_11' title='bbox 805 369 892 448; x_wconf 83' lang='lat' dir='ltr'>fidei</span> <span class='ocrx_word' id='word_1_12' title='bbox 906 396 971 450; x_wconf 83' lang='lat' dir='ltr'>ve·</span> 
     </span>
     <span class='ocr_line' id='line_1_3' title="bbox 15 464 971 573; baseline 0.012 -31"><span class='ocrx_word' id='word_1_13' title='bbox 15 476 21 573; x_wconf 81' lang='grc' dir='ltr'>Ι</span> <span class='ocrx_word' id='word_1_14' title='bbox 64 484 237 547; x_wconf 86' lang='lat' dir='ltr'>neranmr.</span> <span class='ocrx_word' id='word_1_15' title='bbox 291 464 359 547; x_wconf 89' lang='lat' dir='ltr'>Ad</span> <span class='ocrx_word' id='word_1_16' title='bbox 370 468 528 548; x_wconf 88' lang='lat' dir='ltr'>altemm</span> <span class='ocrx_word' id='word_1_17' title='bbox 552 469 737 569; x_wconf 91' lang='lat' dir='ltr'>lcopulum</span> <span class='ocrx_word' id='word_1_18' title='bbox 760 474 971 572; x_wconf 89' lang='lat' dir='ltr'>impingunt</span> 
     </span>
     <span class='ocr_line' id='line_1_4' title="bbox 15 570 969 671; baseline 0.005 -25"><span class='ocrx_word' id='word_1_19' title='bbox 15 584 19 615; x_wconf 87' lang='lat'>¹</span> <span class='ocrx_word' id='word_1_20' title='bbox 66 570 132 646; x_wconf 85' lang='lat' dir='ltr'>aliae</span> <span class='ocrx_word' id='word_1_21' title='bbox 154 571 327 670; x_wconf 86' lang='lat' dir='ltr'>personae</span> <span class='ocrx_word' id='word_1_22' title='bbox 360 571 518 649; x_wconf 90' lang='lat' dir='ltr'>nimium</span> <span class='ocrx_word' id='word_1_23' title='bbox 554 573 777 662; x_wconf 80' lang='lat' dir='ltr'>incredulae,</span> <span class='ocrx_word' id='word_1_24' title='bbox 810 597 896 671; x_wconf 82' lang='lat' dir='ltr'>quae</span> <span class='ocrx_word' id='word_1_25' title='bbox 926 601 969 651; x_wconf 92' lang='lat' dir='ltr'>o-</span> 
     </span>
     <span class='ocr_line' id='line_1_5' title="bbox 15 632 970 775; baseline 0.013 -32"><span class='ocrx_word' id='word_1_26' title='bbox 15 632 23 755; x_wconf 82' lang='lat' dir='ltr'>l</span> <span class='ocrx_word' id='word_1_27' title='bbox 69 692 170 748; x_wconf 85' lang='lat' dir='ltr'>noem</span> <span class='ocrx_word' id='word_1_28' title='bbox 196 672 406 775; x_wconf 77' lang='lat' dir='ltr'>visionem,</span> <span class='ocrx_word' id='word_1_29' title='bbox 432 686 499 750; x_wconf 86' lang='lat' dir='ltr'>aut</span> <span class='ocrx_word' id='word_1_30' title='bbox 521 671 830 771; x_wconf 81' lang='lat' dir='ltr'>supernaturalem</span> <span class='ocrx_word' id='word_1_31' title='bbox 856 699 970 775; x_wconf 87' lang='lat' dir='ltr'>appa·</span> 
     </span>
     <span class='ocr_line' id='line_1_6' title="bbox 16 773 967 875; baseline 0.009 -31"><span class='ocrx_word' id='word_1_32' title='bbox 16 812 19 817; x_wconf 95' lang='lat'>-</span> <span class='ocrx_word' id='word_1_33' title='bbox 66 773 217 851; x_wconf 79' lang='lat' dir='ltr'>titionem</span> <span class='ocrx_word' id='word_1_34' title='bbox 260 790 307 852; x_wconf 87' lang='lat' dir='ltr'>ut</span> <span class='ocrx_word' id='word_1_35' title='bbox 340 798 478 855; x_wconf 85' lang='lat' dir='ltr'>vanum</span> <span class='ocrx_word' id='word_1_36' title='bbox 515 775 646 851; x_wconf 91' lang='lat' dir='ltr'>debilis</span> <span class='ocrx_word' id='word_1_37' title='bbox 676 775 876 875; x_wconf 78' lang='lat' dir='ltr'>phantasiae</span> <span class='ocrx_word' id='word_1_38' title='bbox 911 776 967 853; x_wconf 89' lang='lat' dir='ltr'>so·</span> 
     </span>
     <span class='ocr_line' id='line_1_7' title="bbox 14 822 967 976; baseline 0.009 -33"><span class='ocrx_word' id='word_1_39' title='bbox 14 822 21 943; x_wconf 84' lang='lat' dir='ltr'>l</span> <span class='ocrx_word' id='word_1_40' title='bbox 63 876 186 951; x_wconf 87' lang='lat' dir='ltr'>mnium</span> <span class='ocrx_word' id='word_1_41' title='bbox 212 875 427 976; x_wconf 86' lang='lat' dir='ltr'>suspiciunt.</span> <span class='ocrx_word' id='word_1_42' title='bbox 479 874 614 954; x_wconf 87' lang='lat' dir='ltr'>Primae</span> <span class='ocrx_word' id='word_1_43' title='bbox 631 876 821 956; x_wconf 89' lang='lat' dir='ltr'>incurrunt</span> <span class='ocrx_word' id='word_1_44' title='bbox 843 900 967 976; x_wconf 88' lang='lat' dir='ltr'>repre·</span> 
     </span>
     <span class='ocr_line' id='line_1_8' title="bbox 16 948 965 1080; baseline 0.009 -34"><span class='ocrx_word' id='word_1_45' title='bbox 16 948 22 1059; x_wconf 84' lang='lat' dir='ltr'>l</span> <span class='ocrx_word' id='word_1_46' title='bbox 62 972 259 1054; x_wconf 85' lang='lat' dir='ltr'>henfionem</span> <span class='ocrx_word' id='word_1_47' title='bbox 283 976 472 1078; x_wconf 85' lang='lat' dir='ltr'>Sapientis</span> <span class='ocrx_word' id='word_1_48' title='bbox 504 975 645 1074; x_wconf 83' lang='lat' dir='ltr'>(Eccli</span> <span class='ocrx_word' id='word_1_49' title='bbox 668 1005 724 1075; x_wconf 85' lang='lat' dir='ltr'>rp.</span> <span class='ocrx_word' id='word_1_50' title='bbox 744 1003 776 1053; x_wconf 88' lang='lat' dir='ltr'>v.</span> <span class='ocrx_word' id='word_1_51' title='bbox 792 982 865 1080; x_wconf 84' lang='lat'>4.)</span> <span class='ocrx_word' id='word_1_52' title='bbox 895 976 965 1079; x_wconf 74' lang='lat' dir='ltr'>Qui</span> 
     </span>
     <span class='ocr_line' id='line_1_9' title="bbox 67 1076 965 1180; baseline 0.009 -33"><span class='ocrx_word' id='word_1_53' title='bbox 67 1076 148 1152; x_wconf 78' lang='lat' dir='ltr'>redit</span> <span class='ocrx_word' id='word_1_54' title='bbox 165 1083 263 1163; x_wconf 79' lang='lat' dir='ltr'>cito,</span> <span class='ocrx_word' id='word_1_55' title='bbox 287 1080 370 1155; x_wconf 84' lang='lat' dir='ltr'>levis</span> <span class='ocrx_word' id='word_1_56' title='bbox 394 1078 489 1153; x_wconf 80' lang='lat' dir='ltr'>corde</span> <span class='ocrx_word' id='word_1_57' title='bbox 512 1081 564 1180; x_wconf 74' lang='lat' dir='ltr'>est.</span> <span class='ocrx_word' id='word_1_58' title='bbox 632 1078 814 1158; x_wconf 87' lang='lat' dir='ltr'>Secundae</span> <span class='ocrx_word' id='word_1_59' title='bbox 837 1094 965 1157; x_wconf 87' lang='lat' dir='ltr'>autem</span> 
     </span>
     <span class='ocr_line' id='line_1_10' title="bbox 64 1178 965 1285; baseline 0.002 -31"><span class='ocrx_word' id='word_1_60' title='bbox 64 1180 370 1274; x_wconf 79' lang='lat' dir='ltr'>exprobrationem</span> <span class='ocrx_word' id='word_1_61' title='bbox 384 1180 424 1259; x_wconf 90' lang='lat' dir='ltr'>S.</span> <span class='ocrx_word' id='word_1_62' title='bbox 443 1178 638 1278; x_wconf 85' lang='lat' dir='ltr'>Augustini</span> <span class='ocrx_word' id='word_1_63' title='bbox 664 1179 793 1278; x_wconf 86' lang='lat' dir='ltr'>(serm.</span> <span class='ocrx_word' id='word_1_64' title='bbox 816 1206 898 1285; x_wconf 77' lang='lat'>147·</span> <span class='ocrx_word' id='word_1_65' title='bbox 924 1181 965 1256; x_wconf 83' lang='lat' dir='ltr'>de</span> 
     </span>
     <span class='ocr_line' id='line_1_11' title="bbox 64 1276 966 1483; baseline 0.016 -37"><span class='ocrx_word' id='word_1_66' title='bbox 64 1276 601 1483; x_wconf 53' lang='lat' dir='ltr'>lllrlrdizd‘bzldtl&#39;z‘</span> <span class='ocrx_word' id='word_1_67' title='bbox 614 1281 966 1477; x_wconf 44' lang='lat' dir='ltr'>&amp;illidii</span> 
     </span>
     <span class='ocr_line' id='line_1_12' title="bbox 66 1477 963 1582; baseline 0.011 -33"><span class='ocrx_word' id='word_1_68' title='bbox 66 1477 188 1572; x_wconf 79' lang='lat' dir='ltr'>innuit,</span> <span class='ocrx_word' id='word_1_69' title='bbox 212 1480 475 1582; x_wconf 82' lang='lat' dir='ltr'>hujuscemodi</span> <span class='ocrx_word' id='word_1_70' title='bbox 499 1478 701 1573; x_wconf 89' lang='lat' dir='ltr'>homines,</span> <span class='ocrx_word' id='word_1_71' title='bbox 733 1480 798 1557; x_wconf 87' lang='lat' dir='ltr'>nisr</span> <span class='ocrx_word' id='word_1_72' title='bbox 821 1484 963 1560; x_wconf 90' lang='lat' dir='ltr'>lumine</span> 
     </span>
     <span class='ocr_line' id='line_1_13' title="bbox 74 1580 964 1681; baseline 0.012 -31"><span class='ocrx_word' id='word_1_73' title='bbox 74 1580 195 1657; x_wconf 83' lang='lat' dir='ltr'>rationis</span> <span class='ocrx_word' id='word_1_74' title='bbox 236 1583 320 1659; x_wconf 87' lang='lat' dir='ltr'>sese</span> <span class='ocrx_word' id='word_1_75' title='bbox 357 1584 397 1659; x_wconf 91' lang='lat' dir='ltr'>in</span> <span class='ocrx_word' id='word_1_76' title='bbox 421 1584 602 1660; x_wconf 87' lang='lat' dir='ltr'>credendo</span> <span class='ocrx_word' id='word_1_77' title='bbox 634 1584 816 1681; x_wconf 77' lang='lat' dir='ltr'>dirigant,</span> <span class='ocrx_word' id='word_1_78' title='bbox 851 1584 964 1661; x_wconf 83' lang='lat' dir='ltr'>instar</span> 
     </span>
     <span class='ocr_line' id='line_1_14' title="bbox 74 1675 960 1764; baseline 0.012 -12"><span class='ocrx_word' id='word_1_79' title='bbox 74 1675 229 1762; x_wconf 79' lang='lat' dir='ltr'>brutorum</span> <span class='ocrx_word' id='word_1_80' title='bbox 250 1682 399 1761; x_wconf 87' lang='lat' dir='ltr'>nonnisr</span> <span class='ocrx_word' id='word_1_81' title='bbox 414 1682 506 1762; x_wconf 86' lang='lat' dir='ltr'>vilui</span> <span class='ocrx_word' id='word_1_82' title='bbox 523 1686 751 1763; x_wconf 86' lang='lat' dir='ltr'>credentium</span> <span class='ocrx_word' id='word_1_83' title='bbox 766 1683 960 1764; x_wconf 77' lang='lat' dir='ltr'>dehabere.</span> 
     </span>
    </p>
   </div>
   <div class='ocr_carea' id='block_1_3' title="bbox 10 1881 962 3667">
    <p class='ocr_par' dir='ltr' id='par_1_3' title="bbox 10 1881 962 3667">
     <span class='ocr_line' id='line_1_15' title="bbox 60 1881 962 2047; baseline 0.004 -83"><span class='ocrx_word' id='word_1_84' title='bbox 60 1903 85 1976; x_wconf 80' lang='grc'>5.</span> <span class='ocrx_word' id='word_1_85' title='bbox 106 1881 241 2047; x_wconf 83' lang='lat' dir='ltr'>Non</span> <span class='ocrx_word' id='word_1_86' title='bbox 265 1883 427 1963; x_wconf 83' lang='lat' dir='ltr'>diffiteor</span> <span class='ocrx_word' id='word_1_87' title='bbox 449 1887 547 1964; x_wconf 89' lang='lat' dir='ltr'>hano</span> <span class='ocrx_word' id='word_1_88' title='bbox 570 1886 749 1964; x_wconf 78' lang='lat' dir='ltr'>visionum</span> <span class='ocrx_word' id='word_1_89' title='bbox 765 1884 962 1968; x_wconf 73' lang='lat' dir='ltr'>materiam</span> 
     </span>
     <span class='ocr_line' id='line_1_16' title="bbox 210 1978 961 2088; baseline 0.007 -25"><span class='ocrx_word' id='word_1_90' title='bbox 210 2010 334 2088; x_wconf 87' lang='lat' dir='ltr'>quam</span> <span class='ocrx_word' id='word_1_91' title='bbox 359 1978 610 2066; x_wconf 85' lang='lat' dir='ltr'>difficillimam</span> <span class='ocrx_word' id='word_1_92' title='bbox 628 1987 719 2076; x_wconf 84' lang='lat' dir='ltr'>elle,</span> <span class='ocrx_word' id='word_1_93' title='bbox 747 2012 772 2065; x_wconf 93' lang='lat' dir='ltr'>u</span> <span class='ocrx_word' id='word_1_94' title='bbox 813 2003 874 2065; x_wconf 88' lang='lat' dir='ltr'>ote</span> <span class='ocrx_word' id='word_1_95' title='bbox 894 2014 961 2068; x_wconf 85' lang='lat' dir='ltr'>ex·</span> 
     </span>
     <span class='ocr_line' id='line_1_17' title="bbox 55 2004 961 2183; baseline 0.006 -21"><span class='ocrx_word' id='word_1_96' title='bbox 55 2083 188 2183; x_wconf 75' lang='lat' dir='ltr'>positam</span> <span class='ocrx_word' id='word_1_97' title='bbox 229 2114 311 2166; x_wconf 91' lang='lat' dir='ltr'>non</span> <span class='ocrx_word' id='word_1_98' title='bbox 335 2102 482 2165; x_wconf 88' lang='lat' dir='ltr'>tanturn</span> <span class='ocrx_word' id='word_1_99' title='bbox 507 2090 688 2166; x_wconf 87' lang='lat' dir='ltr'>daemonis</span> <span class='ocrx_word' id='word_1_100' title='bbox 713 2004 961 2182; x_wconf 48' lang='lat' dir='ltr'>illullonibuffi</span> 
     </span>
     <span class='ocr_line' id='line_1_18' title="bbox 53 2189 959 2291; baseline 0.01 -31"><span class='ocrx_word' id='word_1_101' title='bbox 53 2210 87 2261; x_wconf 89' lang='lat' dir='ltr'>ar</span> <span class='ocrx_word' id='word_1_102' title='bbox 108 2190 270 2287; x_wconf 77' lang='lat' dir='ltr'>propriae</span> <span class='ocrx_word' id='word_1_103' title='bbox 294 2189 496 2288; x_wconf 77' lang='lat' dir='ltr'>phantasiae</span> <span class='ocrx_word' id='word_1_104' title='bbox 520 2191 815 2291; x_wconf 80' lang='lat' dir='ltr'>deceptionibus,</span> <span class='ocrx_word' id='word_1_105' title='bbox 841 2191 902 2269; x_wconf 87' lang='lat' dir='ltr'>sed</span> <span class='ocrx_word' id='word_1_106' title='bbox 919 2192 959 2269; x_wconf 77' lang='lat' dir='ltr'>dc</span> 
     </span>
     <span class='ocr_line' id='line_1_19' title="bbox 53 2285 960 2391; baseline 0.008 -29"><span class='ocrx_word' id='word_1_107' title='bbox 53 2285 323 2380; x_wconf 81' lang='lat' dir='ltr'>imulatorum,</span> <span class='ocrx_word' id='word_1_108' title='bbox 347 2289 420 2368; x_wconf 87' lang='lat' dir='ltr'>srve</span> <span class='ocrx_word' id='word_1_109' title='bbox 451 2291 726 2391; x_wconf 77' lang='lat' dir='ltr'>hypocritarum</span> <span class='ocrx_word' id='word_1_110' title='bbox 750 2292 960 2383; x_wconf 77' lang='lat' dir='ltr'>fraudibus.</span> 
     </span>
     <span class='ocr_line' id='line_1_20' title="bbox 55 2392 959 2492; baseline 0.01 -29"><span class='ocrx_word' id='word_1_111' title='bbox 55 2404 163 2486; x_wconf 83' lang='lat' dir='ltr'>utpote</span> <span class='ocrx_word' id='word_1_112' title='bbox 191 2392 263 2488; x_wconf 90' lang='lat' dir='ltr'>qui</span> <span class='ocrx_word' id='word_1_113' title='bbox 288 2392 480 2470; x_wconf 83' lang='lat' dir='ltr'>ementitis</span> <span class='ocrx_word' id='word_1_114' title='bbox 503 2392 563 2468; x_wconf 91' lang='lat' dir='ltr'>his</span> <span class='ocrx_word' id='word_1_115' title='bbox 589 2393 676 2469; x_wconf 91' lang='lat' dir='ltr'>boni</span> <span class='ocrx_word' id='word_1_116' title='bbox 701 2393 847 2492; x_wconf 89' lang='lat' dir='ltr'>spiritus</span> <span class='ocrx_word' id='word_1_117' title='bbox 869 2393 959 2472; x_wconf 85' lang='lat' dir='ltr'>cha·</span> 
     </span>
     <span class='ocr_line' id='line_1_21' title="bbox 55 2492 958 2591; baseline 0.003 -24"><span class='ocrx_word' id='word_1_118' title='bbox 55 2492 239 2569; x_wconf 74' lang='lat' dir='ltr'>alteribus</span> <span class='ocrx_word' id='word_1_119' title='bbox 266 2492 467 2570; x_wconf 71' lang='lat' dir='ltr'>sanititatis</span> <span class='ocrx_word' id='word_1_120' title='bbox 499 2494 639 2572; x_wconf 87' lang='lat' dir='ltr'>famam</span> <span class='ocrx_word' id='word_1_121' title='bbox 671 2495 889 2591; x_wconf 86' lang='lat' dir='ltr'>quandoque</span> <span class='ocrx_word' id='word_1_122' title='bbox 913 2493 958 2570; x_wconf 84' lang='lat' dir='ltr'>li·</span> 
     </span>
     <span class='ocr_line' id='line_1_22' title="bbox 54 2589 957 2675; baseline 0.007 -9"><span class='ocrx_word' id='word_1_123' title='bbox 54 2589 78 2666; x_wconf 87' lang='lat' dir='ltr'>bi</span> <span class='ocrx_word' id='word_1_124' title='bbox 98 2594 294 2671; x_wconf 87' lang='lat' dir='ltr'>attrahere</span> <span class='ocrx_word' id='word_1_125' title='bbox 326 2594 450 2671; x_wconf 91' lang='lat' dir='ltr'>conati</span> <span class='ocrx_word' id='word_1_126' title='bbox 476 2593 568 2672; x_wconf 89' lang='lat' dir='ltr'>sunt.</span> <span class='ocrx_word' id='word_1_127' title='bbox 643 2592 784 2675; x_wconf 83' lang='lat' dir='ltr'>Verum</span> <span class='ocrx_word' id='word_1_128' title='bbox 806 2596 892 2671; x_wconf 86' lang='lat' dir='ltr'>haec</span> <span class='ocrx_word' id='word_1_129' title='bbox 914 2622 957 2672; x_wconf 86' lang='lat' dir='ltr'>o·</span> 
     </span>
     <span class='ocr_line' id='line_1_23' title="bbox 54 2695 956 2791; baseline -0.001 -19"><span class='ocrx_word' id='word_1_130' title='bbox 54 2696 134 2772; x_wconf 81' lang='lat' dir='ltr'>onia</span> <span class='ocrx_word' id='word_1_131' title='bbox 159 2720 236 2771; x_wconf 89' lang='lat' dir='ltr'>nos</span> <span class='ocrx_word' id='word_1_132' title='bbox 272 2720 350 2771; x_wconf 90' lang='lat' dir='ltr'>non</span> <span class='ocrx_word' id='word_1_133' title='bbox 375 2697 510 2772; x_wconf 89' lang='lat' dir='ltr'>debent</span> <span class='ocrx_word' id='word_1_134' title='bbox 543 2695 695 2773; x_wconf 89' lang='lat' dir='ltr'>reddere</span> <span class='ocrx_word' id='word_1_135' title='bbox 720 2696 956 2791; x_wconf 90' lang='lat' dir='ltr'>incredulos;</span> 
     </span>
     <span class='ocr_line' id='line_1_24' title="bbox 56 2788 957 2897; baseline 0.006 -27"><span class='ocrx_word' id='word_1_136' title='bbox 56 2788 97 2870; x_wconf 86' lang='lat' dir='ltr'>led</span> <span class='ocrx_word' id='word_1_137' title='bbox 116 2811 285 2886; x_wconf 86' lang='lat' dir='ltr'>cautos,</span> <span class='ocrx_word' id='word_1_138' title='bbox 311 2795 614 2895; x_wconf 73' lang='lat' dir='ltr'>circumspedos,</span> <span class='ocrx_word' id='word_1_139' title='bbox 639 2797 866 2897; x_wconf 85' lang='lat' dir='ltr'>prudentes,</span> <span class='ocrx_word' id='word_1_140' title='bbox 887 2797 957 2875; x_wconf 85' lang='lat' dir='ltr'>ha·</span> 
     </span>
     <span class='ocr_line' id='line_1_25' title="bbox 56 2892 957 2994; baseline 0.004 -22"><span class='ocrx_word' id='word_1_141' title='bbox 56 2914 116 2972; x_wconf 86' lang='lat' dir='ltr'>um</span> <span class='ocrx_word' id='word_1_142' title='bbox 146 2920 278 2974; x_wconf 86' lang='lat' dir='ltr'>rerum</span> <span class='ocrx_word' id='word_1_143' title='bbox 312 2892 592 2994; x_wconf 81' lang='lat' dir='ltr'>intelligentes,</span> <span class='ocrx_word' id='word_1_144' title='bbox 628 2922 672 2974; x_wconf 85' lang='lat' dir='ltr'>ac</span> <span class='ocrx_word' id='word_1_145' title='bbox 703 2898 743 2975; x_wconf 91' lang='lat' dir='ltr'>in</span> <span class='ocrx_word' id='word_1_146' title='bbox 768 2898 841 2974; x_wconf 89' lang='lat' dir='ltr'>illis</span> <span class='ocrx_word' id='word_1_147' title='bbox 867 2921 957 2976; x_wconf 82' lang='lat' dir='ltr'>exa·</span> 
     </span>
     <span class='ocr_line' id='line_1_26' title="bbox 29 2997 958 3098; baseline -0.002 -23"><span class='ocrx_word' id='word_1_148' title='bbox 29 2997 224 3093; x_wconf 51' lang='lat' dir='ltr'>,mandis</span> <span class='ocrx_word' id='word_1_149' title='bbox 248 3016 472 3098; x_wconf 83' lang='lat' dir='ltr'>magnopere</span> <span class='ocrx_word' id='word_1_150' title='bbox 500 2999 708 3097; x_wconf 86' lang='lat' dir='ltr'>diligentes.</span> <span class='ocrx_word' id='word_1_151' title='bbox 782 3001 958 3087; x_wconf 58' lang='lat' dir='ltr'>Quando*</span> 
     </span>
     <span class='ocr_line' id='line_1_27' title="bbox 10 3098 957 3200; baseline -0.003 -22"><span class='ocrx_word' id='word_1_152' title='bbox 10 3186 11 3199; x_wconf 20' lang='lat' dir='ltr'>p</span> <span class='ocrx_word' id='word_1_153' title='bbox 62 3098 184 3189; x_wconf 65' lang='lat' dir='ltr'>itidem</span> <span class='ocrx_word' id='word_1_154' title='bbox 217 3123 269 3179; x_wconf 88' lang='lat' dir='ltr'>ex</span> <span class='ocrx_word' id='word_1_155' title='bbox 302 3102 418 3176; x_wconf 84' lang='lat' dir='ltr'>altera</span> <span class='ocrx_word' id='word_1_156' title='bbox 446 3115 550 3200; x_wconf 90' lang='lat' dir='ltr'>parte</span> <span class='ocrx_word' id='word_1_157' title='bbox 580 3111 809 3198; x_wconf 88' lang='lat' dir='ltr'>compertum</span> <span class='ocrx_word' id='word_1_158' title='bbox 842 3100 957 3176; x_wconf 86' lang='lat' dir='ltr'>habe-</span> 
     </span>
     <span class='ocr_line' id='line_1_28' title="bbox 10 3200 957 3300; baseline -0.008 -19"><span class='ocrx_word' id='word_1_159' title='bbox 10 3266 13 3281; x_wconf 77' lang='grc'>,</span> <span class='ocrx_word' id='word_1_160' title='bbox 60 3214 152 3293; x_wconf 81' lang='lat' dir='ltr'>uus,</span> <span class='ocrx_word' id='word_1_161' title='bbox 189 3200 315 3279; x_wconf 83' lang='lat' dir='ltr'>sacras</span> <span class='ocrx_word' id='word_1_162' title='bbox 347 3201 503 3300; x_wconf 85' lang='lat' dir='ltr'>paginas</span> <span class='ocrx_word' id='word_1_163' title='bbox 528 3200 726 3283; x_wconf 75' lang='lat' dir='ltr'>visionibus</span> <span class='ocrx_word' id='word_1_164' title='bbox 751 3200 790 3276; x_wconf 80' lang='lat' dir='ltr'>dr</span> <span class='ocrx_word' id='word_1_165' title='bbox 814 3200 957 3277; x_wconf 88' lang='lat' dir='ltr'>revela·</span> 
     </span>
     <span class='ocr_line' id='line_1_29' title="bbox 10 3284 958 3407; baseline -0.008 -27"><span class='ocrx_word' id='word_1_166' title='bbox 10 3284 15 3380; x_wconf 67' lang='grc' dir='ltr'>ἶ</span> <span class='ocrx_word' id='word_1_167' title='bbox 60 3296 199 3381; x_wconf 77' lang='lat' dir='ltr'>lienibus</span> <span class='ocrx_word' id='word_1_168' title='bbox 228 3301 300 3378; x_wconf 85' lang='lat' dir='ltr'>elle</span> <span class='ocrx_word' id='word_1_169' title='bbox 323 3300 583 3407; x_wconf 65' lang='lat' dir='ltr'>refertam-his</span> <span class='ocrx_word' id='word_1_170' title='bbox 601 3327 676 3379; x_wconf 91' lang='lat' dir='ltr'>non</span> <span class='ocrx_word' id='word_1_171' title='bbox 697 3299 811 3378; x_wconf 88' lang='lat' dir='ltr'>solum</span> <span class='ocrx_word' id='word_1_172' title='bbox 827 3300 958 3376; x_wconf 63' lang='lat' dir='ltr'>Ecclea</span> 
     </span>
     <span class='ocr_line' id='line_1_30' title="bbox 10 3392 958 3494; baseline -0.013 1"><span class='ocrx_word' id='word_1_173' title='bbox 10 3403 15 3421; x_wconf 86' lang='lat'>&#39;</span> <span class='ocrx_word' id='word_1_174' title='bbox 61 3392 163 3493; x_wconf 72' lang='lat' dir='ltr'>bilici</span> <span class='ocrx_word' id='word_1_175' title='bbox 178 3404 340 3494; x_wconf 75' lang='lat' dir='ltr'>meles</span> <span class='ocrx_word' id='word_1_176' title='bbox 359 3403 521 3494; x_wconf 75' lang='lat' dir='ltr'>iurent,</span> <span class='ocrx_word' id='word_1_177' title='bbox 546 3403 739 3487; x_wconf 79' lang='lat' dir='ltr'>sedetiam</span> <span class='ocrx_word' id='word_1_178' title='bbox 752 3401 958 3485; x_wconf 71' lang='lat' dir='ltr'>tenerorum</span> 
     </span>
     <span class='ocr_line' id='line_1_31' title="bbox 35 3503 915 3667; baseline -0.003 -72"><span class='ocrx_word' id='word_1_179' title='bbox 35 3580 44 3667; x_wconf 58' lang='grc' dir='ltr'>Ι</span> <span class='ocrx_word' id='word_1_180' title='bbox 150 3562 156 3573; x_wconf 86' lang='lat'><em>-</em></span> <span class='ocrx_word' id='word_1_181' title='bbox 463 3503 556 3609; x_wconf 60' lang='lat'>⁴43</span> <span class='ocrx_word' id='word_1_182' title='bbox 835 3503 915 3593; x_wconf 64' lang='lat' dir='ltr'>Par</span> 
     </span>
    </p>
   </div>
   <div class='ocr_carea' id='block_1_4' title="bbox 0 0 1055 3870">
    <p class='ocr_par' dir='ltr' id='par_1_4' title="bbox 0 0 1055 3870">
     <span class='ocr_line' id='line_1_32' title="bbox 0 0 1055 3870; baseline 0 0"><span class='ocrx_word' id='word_1_183' title='bbox 0 0 1055 3870; x_wconf 95' lang='lat' dir='ltr'> </span> 
     </span>
    </p>
   </div>
  </div>
 </body>
</html>
