2220 3870
99 250 109 259 .,
245 168 409 255 virores
460 147 721 273 declarantur.
900 190 979 275 125

69 290 272 420 limissrmas,
288 384 293 390 -
312 331 359 404 de
393 336 466 425 qua
497 327 659 425 sequenti
691 328 811 428 capite
834 331 983 411 ratioci-

69 435 252 513 nabimur.
284 430 470 511 'Secundo
501 430 637 513 visione
672 431 905 509 intellettuali
941 456 983 511 a.

69 539 172 615 nima
197 534 312 609 etiam
335 533 455 611 nudas
483 532 665 609 veritates'
681 533 806 610 videre
833 536 983 650 ‘potest3

69 640 152 715 dico
183 637 331 724 nudas,
375 633 461 729 quia
486 656 550 709 eas
588 632 718 730 absque
744 659 845 711 omm
890 636 984 715 ima·

69 742 155 837 gine
185 750 253 813 aut
276 734 393 832 figura
416 734 499 810 illas
522 734 800 833 repraesentante
821 759 885 835 per
902 736 984 815 srm-

69 842 204 941 plicem
235 836 517 931 intelligentiam
551 837 647 912 clare
690 838 730 913 in
759 836 794 914 se
820 837 903 939 ipfis
928 840 984 920 vi·¹

69 944 144 1019 det.
198 938 258 1016 Ex
283 938 393 1014 nudis
418 936 634 1017 veritatibus
647 939 730 1017 aliae
744 940 983 1037 circaneum,

70 1044 157 1121 aliae
179 1042 278 1145 circa
304 1051 489 1117 creaturas
515 1038 727 1131 versantur,
753 1058 859 1141 prout
874 1044 911 1122 S.
922 1044 983 1147 Jo-

71 1165 232 1221 annesa
258 1140 375 1219 Cruce
401 1138 429 1237 (
455 1141 496 1225 ¹ia
530 1142 663 1243 Ascros.
704 1138 814 1223 Mona.
841 1142 918 1219 Lib.
948 1142 984 1224 2ss
1083 1228 1088 1237 ,

69 1271 142 1345 cap.
180 1248 239 1320 2⁶.
274 1243 316 1349 )¹
334 1239 410 1331 fuse
442 1243 615 1322 declarat.
669 1246 854 1322 Veritates
887 1246 985 1327 circa

69 1348 195 1425 Deum
222 1345 346 1421 anima
371 1344 491 1435 videt,
515 1349 603 1423 dum
624 1345 659 1421 ei
684 1367 748 1444 per
768 1346 904 1421 claram
920 1372 986 1422 no·

70 1450 196 1527 titiam
233 1446 451 1524 attributum
478 1449 661 1542 quoddam
677 1447 842 1523 divinum
868 1448 989 1523 mani

69 1550 223 1627 testatur
255 1547 326 1637 ita,
362 1560 404 1623 ut
435 1550 478 1627 in,
519 1549 659 1627 sublimi
683 1548 753 1624 hac
778 1548 911 1624 notitia
941 1546 993 1623 il·

70 1652 136 1729 lud
162 1648 294 1725 intime
320 1650 502 1747 degustet,
529 1676 572 1727 ac
595 1651 757 1749 saporem
776 1650 988 1727 nullamom

74 1752 143 1829 tali
158 1750 287 1847 lingua
303 1750 580 1849 exprimendum
598 1752 684 1827 inde
698 1752 883 1850 percipiat.
907 1752 988 1829 Ha·

73 1876 157 1929 rum
208 1850 415 1927 divinarum
455 1855 653 1929 veritatum
670 1852 764 1951 ¹uism
790 1851 1014 1947 sublimiffi·‘

74 1979 135 2031 rna
163 1950 226 2041 est,
248 1976 291 2027 ac
316 1953 363 2028 ad
387 1956 673 2051 praecedentium
697 1954 875 2030 vifionum
900 1950 988 2030 clas·

75 2056 149 2133 sem
166 2052 364 2129 reducitur.
391 2056 542 2133 Creatas
568 2071 693 2133 autem
715 2058 891 2155 veritates¹
907 2056 988 2133 ans·

75 2180 136 2235 ma
148 2154 263 2243 videt,
276 2154 364 2230 dum
389 2157 424 2230 ei
437 2180 500 2254 per
512 2181 640 2257 puram
652 2156 689 2233 dt
706 2158 842 2233 claram
853 2156 987 2233 intelli·

76 2258 242 2357 gentiam
266 2272 376 2332 certae
390 2260 565 2335 veritates
586 2261 624 2332 in
633 2256 667 2332 se
689 2258 771 2357 ipsis
799 2256 989 2357 patefiunt

74 2359 264 2439 Veritates
288 2357 356 2433 hae·
373 2358 449 2458 jam
477 2372 699 2435 concernunt
723 2359 782 2436 vel
805 2358 926 2445 fidem,
942 2380 987 2435 ac

73 2482 232 2546 mores,
265 2458 325 2535 vel
346 2459 414 2547 id,
453 2463 550 2557 quod
575 2461 753 2555 contigit,
779 2474 845 2535 aut
870 2459 991 2557 postea

76 2560 289 2657 continget,
324 2560 383 2636 vel
406 2562 463 2649 id,
489 2562 586 2657 quod
612 2563 652 2643 in
675 2561 835 2635 hominis
868 2561 990 2637 cu'tis·

77 2665 167 2740 dam
216 2661 324 2736 corde
356 2664 580 2739 occultatum
616 2662 718 2737 latet.
779 2660 875 2740 Visro
908 2583 991 2741 iaee'

76 2762 191 2841 modo
237 2762 286 2837 ad
318 2762 456 2839 donum
480 2764 691 2862 prophetiae,
718 2761 901 2839 modoad
927 2764 993 2839 do·

78 2888 173 2945 num
200 2860 426 2940 discernendi
451 2864 594 2965 spiritus
620 2863 793 2951 refertur,
821 2878 927 2961 prout
961 2864 994 2943 i·

78 2966 166 3043 dem
208 2962 348 3041 sanstus
374 2966 485 3054 dicit,
510 2964 548 3042 dc
575 2965 727 3041 minoris
759 2986 870 3059 quam
909 2965 995 3041 aliae

78 3068 194 3145 modo
227 3064 414 3143 recensttae
450 3066 710 3142 intelleltuales
754 3064 907 3145 visiones
943 3065 996 3143 est

79 3167 204 3271 pretii.
258 3166 380 3244 Tertio
406 3167 541 3244 vifione
565 3166 800 3243 intelleltuali
824 3169 945 3261 anima
958 3191 998 3241 ει

80 3268 176 3348 tiam
201 3272 315 3369 puros
338 3268 481 3367 spiritus
508 3266 551 3344 E.
578 3292 613 3364 g.
641 3268 804 3365 Angelos
831 3282 896 3345 aut
915 3268 995 3347 ani-

80 3393 217 3453 masa
251 3370 461 3475 corporibus
497 3368 680 3471 separatas
706 3366 823 3471 potest
858 3368 992 3551 vixcliere.
1052 3452 1055 3457 ,

208 3484 212 3491 .
921 3490 964 3550 b
