2100 3870
186 189 366 327 predica
394 219 468 327 pro
504 182 706 325 difeslore.
866 216 952 318 379

55 359 370 456 maginationem‚
402 384 471 434 nec
503 360 622 436 ullum
662 354 956 438 ratiocinationis

55 487 159 557 [enus
181 461 340 536 formare
368 461 502 558 posset,
534 487 578 537 ac
611 463 741 561 stipitis
770 461 810 538 dt
834 461 957 537 trunci

55 565 151 642 nstar
186 562 348 662 stupidus
381 587 594 660 permanere
615 566 792 641 deberet:
827 561 956 638 sedin

55 666 115 740 dio
147 667 268 761 magis
294 667 455 763 proprio,
483 665 521 741 dc
546 666 694 742 veritati
713 665 835 762 magis
870 687 958 739 con·

55 765 216 867 'entaneo
240 767 340 841 sensu
364 769 466 842 venit
493 767 751 863 intelligenda,
779 763 955 863 quod-sci·

55 869 128 944 icet
142 869 366 944 'ariditatum
391 883 555 966 tempore
572 869 711 944 lumine
731 867 956 966 clarophan·

55 970 142 1046 asrae
169 968 308 1046 sublato
328 970 493 1067 potentia
521 970 604 1045 haec
634 972 673 1045 in
699 969 860 1046 tenebris
877 969 957 1044 irae·

55 1087 146 1160 reat,
176 1072 229 1146 ita
253 1085 295 1146 ut
322 1071 607 1166 imaginationes
636 1097 710 1148 non
739 1069 804 1153 nisr
845 1070 955 1146 valde

55 1173 212 1250 abscuras
242 1171 281 1250 &
304 1173 534 1270 imperfectas
549 1174 748 1271 producere
773 1166 958 1258 valeat&

55 1290 87 1351 rt
108 1276 410 1352 ratiocinationes
432 1275 545 1350 modo
569 1274 678 1351 valde
696 1274 819 1360 lento,
838 1295 883 1348 ac
903 1272 959 1370 pi·

55 1395 109 1473 gro
129 1391 240 1472 atque
261 1400 345 1450 cum
371 1377 517 1451 modica
542 1378 769 1474 propriorum
801 1372 959 1473 objecto·

55 1496 125 1555 nrm
158 1477 412 1575 penetratione
445 1479 668 1575 procedant:
702 1476 752 1555 dt.
770 1476 841 1552 hoc
864 1471 960 1550 sudi·

55 1580 114 1668 cit‚
142 1595 186 1654 ut
210 1577 330 1653 sensus
356 1579 510 1654 interior
537 1580 663 1655 aridus
685 1577 725 1655 dc
746 1576 960 1654 solatio'de·

55 1678 191 1757 tantus
216 1693 390 1769 maneat,
407 1695 520 1776 utque
540 1680 581 1755 in
598 1702 685 1757 vero
705 1680 866 1775 quodam
880 1676 960 1753 sen·

55 1776 85 1858 ir
107 1784 179 1858 dici
198 1780 318 1880 possit,
347 1780 537 1880 personam
559 1783 608 1859 ad
634 1781 889 1858 meditandum
902 1780 960 1869 in·,

55 1880 204 1961 nabilem
221 1881 290 1959 effe
314 1884 507 1959 redditam.
562 1883 650 1960 Dixi
682 1883 797 1958 etiam
813 1896 832 1969 ‚¹
859 1881 959 1977 quod

55 1980 105 2063 hae
129 1986 344 2081 neutiquam
366 1985 566 2062 arididates
588 1985 733 2085 spiritus
759 1983 848 2078 smt3
882 1983 960 2060 imo

55 2089 142 2183 quod
165 2087 227 2163 hic
251 2101 341 2162 tunc
370 2085 567 2183 fimplicem
590 2087 629 2166 ὅ(
663 2109 794 2186 puram
828 2107 960 2183 quam·

55 2190 131 2266 dam
172 2190 292 2287 lucem
327 2189 500 2285 recipiat,
533 2189 571 2264 vi
603 2188 709 2288 cujus
743 2188 867 2264 anima
909 2184 959 2264 ad
997 2178 1002 2199 '

95 2292 294 2389 rfeitiorem
327 2291 501 2387 operandi
529 2292 681 2367 modum
718 2288 958 2377 transfertur,

71 2392 78 2407 '
116 2392 230 2492 tipsa
262 2393 307 2465 ob
327 2390 550 2466 contradam
583 2415 642 2466 ex·
669 2389 876 2466 adhaesione
911 2388 961 2465 ad

55 2490 163 2571 serim
191 2494 380 2569 crassitiem
414 2493 460 2568 ab
491 2492 597 2567 initio
622 2490 749 2565 lumen
780 2489 853 2565 hoc
878 2514 957 2565 non

55 2597 325 2673 animadvertat.
378 2593 462 2668 Lux
493 2593 576 2666 haec
603 2612 703 2668 verae
733 2591 960 2690 contempla·

55 2700 155 2774 tionis
181 2696 400 2796 principium
422 2693 513 2788 est(
537 2691 563 2767 fi
584 2708 710 2769 tamen
735 2693 890 2770 ariditas
909 2695 959 2772 ad

55 2800 130 2877 doni
156 2801 267 2896 hujus
298 2795 514 2871 infusionem
536 2796 734 2870 ordinetur
760 2791 779 2893 )
809 2795 883 2883 ita,
915 2809 960 2872 ut

55 2905 166 2979 anima
193 2900 274 3000 ejus
299 2923 368 2995 ope
403 2910 504 2972 certa
533 2918 618 2989 cnm
645 2897 768 2992 quiete
788 2921 832 2973 ac
864 2898 961 2975 inte·

55 3006 128 3080 riori
140 2998 336 3079 refectione
360 3001 398 3075 in
414 3000 493 3073 Deo
517 2996 638 3073 defixa
657 2998 960 3096 permanerepos·

55 3105 108 3182 it:
134 3106 174 3181 id
202 3104 300 3199 quod
321 3104 472 3177 tandem
491 3099 591 3174 aliud
615 3120 727 3194 quam
745 3101 864 3175 Deum
874 3125 963 3176 con·

55 3205 214 3306 :emplari
238 3229 312 3278 non
341 3204 401 3278 est.
455 3201 496 3277 Si
522 3200 675 3277 ariditas
685 3215 811 3277 autem
829 3224 903 3273 non
916 3214 961 3278 ut

55 3307 223 3410 lisposrtio
250 3306 298 3381 ad
333 3302 682 3399 contemplationem
710 3300 961 3398 superveniat,

55 3437 129 3492 unc
140 3429 298 3519 pumat:
306 3404 658 3503 intermittendam
669 3403 773 3482 Deus
788 3404 963 3607 progem-
