2220 3870
157 192 228 283 3ο
276 164 354 263 Tr.
358 166 485 265 We·
470 167 588 297 .me
638 164 712 267 sss·
738 177 855 303 Verq
853 169 1013 311 ‘urs
948 212 1031 270 oms

155 354 258 423 rum
283 336 333 415 u
354 334 596 415 balsamorum
635 350 746 417 terrae
785 339 906 440 hujus
918 344 1083 443 fragma

152 441 222 517 tia
252 439 327 515 iilis
365 437 484 515 nulla·
480 438 630 514 ratione
657 444 860 558 comparari
885 460 1079 529 merentur.

152 542 233 619 ‘Ad
246 540 525 618 haereduceddi
536 537 618 615 sunt
635 542 731 619 certi·
740 544 851 641 grati,
864 568 909 620 ac
927 547 1077 629 delicati

166 644 334 743 sapores,
363 662 458 737 quos
495 644 715 738 quandoque
754 642 793 721 dr
824 641 1051 743 speciatim
1039 674 1078 729 ιιι

149 744 254 844 “ipso
273 742 502 820 sacrosancae
530 744 777 823 Eucharistiae
790 669 866 823 susp
831 748 1075 847 sceptioniae·

148 847 222 921 'diu
254 844 400 944 palatus
426 866 554 919 eorum
585 859 691 923 tanta
726 848 920 931 dulcedine
931 852 1073 947 persen

149 947 277 1035 rifat,
308 958 351 1021 ut
387 968 514 1020 eorum
537 948 810 1043 comparatione
843 972 972 1025 omnes
1006 954 1073 1035 aiii

146 1048 388 1157 ceteroquin
417 1046 619 1144 sapidiffimi
654 1047 726 1125 cibi
758 1050 909 1138 vilium,
939 1053 1071 1147 quibus

147 1144 353 1227 immunda
374 1147 549 1229 animalia
583 1144 798 1244 pascuntur,
811 1152 1069 1248 glandiumin·

149 1250 232 1329 star
272 1248 459 1349 desipiant
492 1248 560 1323 Et
599 1250 751 1325 tandem
780 1253 927 1328 adius
957 1257 1070 1335 etiam

134 1351 181 1427 -ι
199 1352 339 1439 citant,
363 1366 463 1427 certa
491 1350 648 1445 gaudia,
672 1374 717 1427 ac
743 1374 856 1450 quam
879 1356 1069 1451 purisiimae

230 1452 292 1529 v'el
326 1451 487 1528 maxime
525 1449 729 1548 spirituales
748 1456 911 1543 deliciae,
936 1458 1067 1552 quibua

128 1546 209 1629 ⁴¹¹⁴se
230 1553 388 1629 suaviter
407 1552 610 1652 penetrari,
636 1577 680 1628 ac
710 1556 760 1632 in
770 1556 942 1633 omnbus
952 1581 1068 1637 mem

145 1654 246 1733 'oris
250 1650 480 1793 reflorescere
513 1652 682 1797 sentiunt

137 1842 217 2001 ,ιιι
205 1802 449 2023 Praemisso
472 1788 544 1933 iac
562 1790 711 1932 summi
708 1859 898 1935 momenti
926 1865 1067 2039 snotitia

345 1960 450 2046 mco,
486 1959 632 2049 Deum,
667 1959 806 2035 dums
800 1962 906 2041 ervis
926 1962 1008 2043 suis
1013 1968 1068 2045 vi·

129 2010 293 2151 idonee,
323 2060 362 2139 dt
388 2060 492 2137 aiios
509 2058 570 2135 sub
595 2061 760 2136 nomine
767 2059 953 2138 visionum
965 2090 1066 2147 conr·

135 2161 348 2265 prehensos
398 2182 590 2259 corporeos
644 2162 789 2238 favores
836 2163 1065 2261 impertitur,

135 2266 291 2345 mustos
319 2262 490 2359 equidem
523 2260 617 2337 fines
645 2263 792 2341 habere.¹
844 2264 1000 2345 Interea·
995 2274 1064 2347 ιι·

136 2376 241 2445 rmen
273 2361 547 2464 principalis&
569 2365 681 2459 quad
715 2364 869 2481 speciem
897 2369 1064 2447 tribuens

136 2468 226 2557 ite,
256 2480 299 2543 ut
339 2490 384 2541 eo
412 2463 605 2541 deficiente
635 2490 719 2543 mea
745 2467 920 2564 opinione
948 2470 1065 2549 etiam

134 2574 282 2649 iomnes
316 2566 379 2643 alii
407 2564 599 2657 cessarent,
629 2567 668 2643 in
702 2572 748 2643 e'o
768 2566 947 2658 versatur,
964 2576 1064 2668 quod

133 2673 296 2749 an·imas
332 2667 380 2745 fic
408 2666 566 2745 suaviter
602 2667 657 2745 dt
676 2668 789 2744 modo
825 2685 969 2747 naturae
1000 2698 1065 2753 en·

136 2794 232 2852 'rum
256 2768 519 2847 consentaneo
529 2771 578 2845 ad
602 2768 858 2867 persestionem
887 2776 1066 2870 perduce-

134 2870 452 2953 reveritum
494 2871 663 2947 veritatis
696 2872 806 2970 hujus
843 2874 1065 2957 fundamen

124 2988 192 3053 ¹rto
218 2976 312 3051 duas
342 2972 436 3052 anns
467 2970 616 3047 stabiliri
648 2988 810 3071 oportet.
841 2975 969 3055 Prima
998 2978 1063 3071 est,

132 3079 249 3197 quod
280 3098 410 3153 omnes
444 3073 692 3189 cognitiones,
732 3073 772 3151 dr
800 3075 958 3155 internae
993 3080 1064 3159 ho-

131 3179 271 3279 munis·
293 3174 505 3254 affemones
534 3175 714 3271 originem
743 3173 1063 3261 samasiensium

128 3282 197 3373 ἰχ
199 3280 313 3361 ternis
344 3274 614 3367 nanciscantur,
647 3298 735 3353 nam
766 3280 978 3398 phantasia
990 3310 1067 3363 no·

127 3386 223 3471 sira
245 3403 375 3529 rerum·
393 3375 624 3461 semotim·
644 3378 783 3482 species
808 3384 1020 3567 recipitffile¹3
1009 3409 1070 3474 ιι·
