2220 3870
261 225 369 314 perae
402 189 671 288 revelationis.
822 240 832 293 .-
883 199 947 287 26
951 218 973 308 ς

56 354 196 453 liginofo
222 357 288 432 loco
314 359 344 449 (
368 387 400 437 2.
426 359 523 436 Petri
551 386 581 436 1.
608 384 642 436 v.
673 382 730 459 17.
756 353 872 455 )Per
887 379 973 454 quae

56 456 255 555 fignificare
279 462 381 549 vult,
407 463 522 559 quod,
548 462 635 537 licet
660 460 732 560 ipse
758 458 884 534 visioni
916 459 973 536 illi

56 557 136 635 stiae
153 561 247 637 nihil
270 561 446 640 illusionis
481 561 668 652 subfuisse,
694 586 738 638 ac
763 562 875 638 verba
906 559 972 639 illa

56 683 98 736 ex
130 660 207 760 ipso
240 668 371 741 aeterni
404 666 525 742 Patris
557 687 620 741 ore
654 661 819 762 prodiisse
857 682 971 758 quam
1036 660 1038 669 '

56 761 265 840 certissimus
290 765 352 855 sit,
378 765 471 843 fides
508 766 747 843 nihilominus
782 763 968 839 contentis

56 864 88 938 ir
113 862 214 941 sacro
240 868 367 944 codice
392 868 677 946 revelationibus
695 867 969 966 prophetarum,

55 987 89 1039 n
124 965 257 1061 quibus
294 969 342 1046 de
368 969 499 1046 Christi
532 968 786 1069 praerogativis
823 967 966 1043 mentio

55 1063 112 1153 lit,
137 1067 255 1144 multo
280 1068 423 1148 firmius
447 1072 646 1157 innitatur,
673 1069 966 1166 quamprivatae

55 1163 121 1243 irae
143 1170 371 1248 revelationi.
423 1175 523 1249 Hinc
548 1172 663 1248 discat
687 1167 857 1258 direstor,
882 1169 968 1245 nul-

55 1267 71 1342 i
103 1291 268 1366 unquam
304 1272 416 1348 fidem
452 1275 588 1352 habere
614 1268 853 1357 revelationi,
876 1289 963 1365 quae

55 1392 131 1444 arm
166 1370 278 1450 sacrae
309 1373 494 1472 scripturae
529 1375 671 1464 verbis,
709 1395 795 1449 cum
830 1371 964 1446 matris

55 1470 216 1548 scelesrae
241 1474 536 1561 definitionibus,
573 1477 611 1552 dt
647 1499 732 1552 cum
758 1472 962 1548 sandorum

55 1571 216 1648 {odrinis
241 1601 316 1652 non
340 1578 548 1674 omnigenis
572 1577 781 1653 conveniat.
832 1572 874 1651 Si
894 1593 961 1651 eas

55 1672 140 1748 inim
175 1674 422 1755 discordantes
454 1678 631 1777 reperiat,
667 1679 750 1754 illas
774 1696 890 1774 nemis
917 1683 962 1748 ut

55 1774 253 1854 nanifestas
276 1778 314 1856 dc
338 1804 362 1856 a
386 1793 490 1877 patre
520 1780 800 1858 mendaciorum
830 1774 961 1874 sugge·

55 1874 113 1954 las
136 1876 322 1958 illusiones
346 1881 449 1983 rejici
472 1892 628 1983 oportet

55 2094 124 2298 2²⁸·
137 2077 820 2266 S²lltllll¹lllllnlsssl
850 2102 956 2260 sili:

55 2293 146 2359 itate
169 2283 406 2380 ingeruntur,
421 2286 957 2386 &quandoqueunicoeorum
1015 2334 1018 2343 ·

54 2383 155 2459 uulto
180 2386 263 2483 plus
288 2390 512 2480 declaratur,
539 2409 650 2485 quam
664 2385 843 2464 naturalis
856 2383 955 2482 ejus·

54 2508 119 2560 ,em
147 2484 254 2562 sonus
280 2488 466 2586 fignificet.
519 2491 561 2566 ld
584 2490 623 2567 S.
642 2485 818 2564 'Therelia
841 2484 881 2562 in
894 2484 954 2561 vi·

54 2607 82 2662 re
108 2585 185 2665 suae
205 2589 298 2665 libro
325 2591 456 2690 saepius
481 2591 659 2678 affirmat,
685 2587 766 2685 dc(
773 2611 845 2685 cap.
858 2582 953 2686 25.)

55 2711 127 2763 anc
156 2690 195 2764 in
221 2714 299 2766 rem
323 2693 377 2768 ita
400 2694 581 2790 loquitur:
642 2689 755 2773 Adco-
775 2688 948 2780 velociter,

54 2787 71 2857 s
95 2785 245 2865 brevibm
266 2789 427 2879 [enimam
449 2796 530 2870 adeo
552 2818 674 2894 taragna
697 2791 874 2889 dicuntur,
910 2801 950 2865 at

54 2891 73 2966 s
98 2914 137 2965 eu
161 2894 196 2967 in
222 2892 365 2969 ordinem
387 2896 564 2994 redigenda
589 2897 692 2970 multo
718 2909 948 2989 remporcopus
992 2952 996 2957 .

54 3003 122 3069 ver.
174 2995 225 3069 Et
262 2996 372 3093 paulo
403 2999 504 3096 post:
540 3001 606 3097 fiac
630 2995 696 3072 assu
720 2999 872 3094 temporis
889 2997 949 3092 ῥα·

54 3093 119 3169 ἀνα
138 3093 240 3190 fimus
264 3095 371 3185 dosii,
398 3098 440 3173 ss
464 3098 673 3196 intelligimus
709 3109 758 3172 tul
787 3121 857 3182 res,
906 3105 946 3169 ut

54 3195 68 3269 i
79 3194 344 3273 cusordinaudas
368 3201 493 3299 integer
514 3203 625 3300 mmsts
649 3200 772 3294 requiri
782 3195 944 3282 videatur,

54 3293 241 3394 fiquoque
265 3298 436 3376 intelleiius
462 3299 504 3378 ss
528 3303 638 3376 anima
663 3297 765 3397 super
803 3291 943 3372 nonnus·

54 3422 78 3493 τ,
105 3420 192 3504 quas
215 3397 401 3508 intelligunt
411 3461 450 3592 ,R
448 3399 542 3482 rebus
564 3400 686 3487 ierem
708 3400 854 3483 arnolti.
897 3393 944 3476 ln
1031 3465 1036 3478 .
