2220 3870
242 163 427 306 predica
467 193 543 303 pro
576 158 776 264 direiiore.
936 191 1015 284 391

94 333 193 414 catis
216 335 404 435 praeterito
433 339 600 434 'tempore
615 333 832 433 perpetratis
854 331 1010 431 praesen·

75 451 155 538 *tes
186 439 378 518 ariditates
406 436 509 513 suam
524 436 704 532 originem
720 435 1012 530 trahant‚quod·

91 561 167 636 que
186 539 288 616 Deus
304 562 386 640 .per
410 562 475 614 eas
495 551 680 633 tanquam
705 560 769 636 per
784 535 946 634 asperam
965 537 1011 612 li·

90 663 196 717 mam
222 653 279 718 tot
309 641 472 740 priorum
502 638 693 736 culparum
720 638 871 715 scoriam
903 635 971 714 abs
990 676 1009 697 ·

89 764 196 819 mere
229 742 330 820 velit.
383 742 458 819 Sed
486 741 575 836 qnid
597 739 717 841 inde?
743 763 832 818 num
861 763 926 815 eas
951 739 1008 814 in·

87 841 277 939 quietari?
302 865 391 919 num
419 840 591 920 turbari?
615 864 704 917 num
743 839 835 919 sorte
858 839 921 916 sua
941 862 1006 917 eas

114 955 284 1040 ropterea
314 969 409 1020 snon
442 955 637 1020 contentas
678 941 802 1018 vivere
830 940 1004 1039 oportet?

87 966 395 1141 Knudquaquam:
439 1043 500 1121 sed
531 1041 681 1122 affeaus
704 1041 845 1142 prorsus
867 1041 1006 1140 oppofi·

88 1145 121 1223 ti
153 1146 240 1221 inde
275 1145 357 1222 sunt
380 1145 573 1223 eliciendi:
603 1145 719 1222 animi
752 1141 1005 1221 demnfionem
1087 1215 1090 1223 .

86 1247 226 1324 debent
247 1248 438 1346 concipere
471 1272 518 1323 ex
537 1272 603 1338 eo,
616 1247 714 1343 quod
728 1245 762 1320 se
788 1267 871 1321 reas
888 1269 1004 1339 agno·

81 1349 207 1430 icante
233 1363 344 1447 caput
360 1362 533 1426 tenentur
558 1349 753 1424 demittere
764 1370 812 1422 ex
828 1345 1005 1441 eo‚quod
1044 1348 1053 1363 “

82 1448 158 1528 sese
194 1450 408 1547 hujusmodi
444 1448 591 1547 flagella
627 1449 779 1524 meritas
828 1447 1002 1524 videant:

84 1574 175 1629 cum
207 1552 309 1628 omni
335 1575 426 1649 pace
451 1550 680 1627 conformare
708 1549 745 1625 se
774 1575 796 1624 o
822 1560 918 1624 ortet
955 1546 1006 1625 ad

82 1652 253 1732 divinam
284 1653 542 1743 voluntatem,
581 1650 733 1749 quaein
752 1571 909 1748 ipiirum
938 1648 1004 1727 bo·

82 1776 178 1833 num
211 1767 316 1831 tanta
351 1755 526 1850 aequitate
547 1776 612 1830 eas
633 1751 781 1849 affligit:
811 1774 897 1827 cum
921 1745 1002 1827 nni·

83 1856 139 1935 mi
170 1857 294 1951 quiete
323 1857 523 1956 repetenda
546 1853 630 1953 ipfis
663 1852 746 1931 sunt
766 1854 894 1940 verba,
916 1873 1001 1946 quae

82 1955 171 2036 Elin
204 1956 295 2058 Jobo
332 1955 352 2059 (
389 1980 461 2056 cap.
499 1982 561 2056 33.
596 1980 630 2033 u.
659 1978 721 2058 27.
762 1952 1002 2054 )suggeffit:

80 2055 247 2147 peccavi,
287 2056 329 2134 u
342 2083 415 2134 uere
444 2055 592 2155 deliqui,
617 2055 658 2135 (5
685 2069 724 2132 ut
763 2080 852 2134 cram
876 2055 1001 2149 dignus
1079 2109 1084 2114 -

80 2184 149 2236 non
169 2160 291 2254 recepi,
315 2159 420 2258 plura
451 2160 574 2236 adhuc
595 2180 768 2239 mererer.
827 2154 1001 2232 Confide-

75 2271 166 2341 rent
188 2282 316 2359 paenas
342 2261 383 2336 in
415 2261 533 2339 altera
554 2261 633 2338 vita
664 2257 902 2358 promeritas:
931 2281 1002 2336 nec

77 2360 267 2440 insolitum
290 2360 375 2460 ipfis
398 2362 586 2451 videatur,
606 2361 707 2458 quod
735 2361 838 2437 Deus
860 2370 1002 2437 aeterna

77 2461 283 2540 inferorum
303 2461 476 2561 supplicia
505 2461 545 2540 δι
586 2464 726 2539 atrocia
761 2459 1001 2562 purgantium

77 2563 315 2645 flemmarum
338 2576 523 2642 tormenta
557 2562 642 2663 ipfis
661 2565 700 2640 in
719 2563 906 2641 modicum
914 2582 1000 2660 pur·

77 2664 266 2763 gctorium
297 2664 463 2741 terrestre
500 2678 717 2743 commutet.
767 2663 913 2762 Absque
942 2661 1001 2739 ul·

77 2767 117 2843 ia
152 2767 269 2844 etiam
303 2765 590 2843 contradistione
625 2766 767 2844 eisdem
793 2766 997 2873 concedat,

77 2869 180 2964 quod
219 2862 411 2945 aridstates
438 2868 629 2957 oriantur,
666 2867 727 2946 vel
758 2865 886 2948 saltem
914 2889 999 2966 pro⁴

77 2968 297 3058 trahamur,
323 2994 346 3045 a
373 2969 608 3065 quotidianis·
621 2991 749 3046 earum
782 2970 998 3052 defeciibun

77 3067 221 3147 Vemm
251 3094 341 3147 num
376 3071 461 3147 ideo
487 3094 552 3151 eas
579 3070 752 3149 turbari?
778 3096 869 3148 num
896 3075 999 3152 curie

76 3169 240 3248 confici?
255 3210 258 3217 ⁴
271 3194 361 3249 num
388 3173 524 3249 animis
560 3172 782 3251 concidere?
815 3196 906 3250 num
939 3174 999 3254 ina

75 3272 226 3370 quietas
259 3275 384 3350 vivere
425 3274 636 3355 convenit?
669 3272 748 3350 lmo
771 3274 998 3357 contrarium

72 3371 222 3474 prorsus
249 3375 345 3454 inde
372 3373 623 3558 consefinbiitut:
663 3376 919 3480 paenitentiam
955 3401 999 3461 nn
1084 3466 1087 3470 ,

554 3497 590 3576 ’4
847 3501 964 3582 gere,-
