<?xml version="1.0" encoding="UTF-8"?>
<!DOCTYPE html PUBLIC "-//W3C//DTD XHTML 1.0 Transitional//EN"
    "http://www.w3.org/TR/xhtml1/DTD/xhtml1-transitional.dtd">
<html xmlns="http://www.w3.org/1999/xhtml" xml:lang="en" lang="en">
 <head>
  <title>
</title>
<meta http-equiv="Content-Type" content="text/html;charset=utf-8" />
  <meta name='ocr-system' content='tesseract 3.04.00' />
  <meta name='ocr-capabilities' content='ocr_page ocr_carea ocr_par ocr_line ocrx_word'/>
</head>
<body>
  <div class='ocr_page' id='page_1' title='image "./directoriummyst00scargoog_0292.png"; bbox 0 0 2220 3870; ppageno 0'>
   <div class='ocr_carea' id='block_1_1' title="bbox 103 142 992 320">
    <p class='ocr_par' dir='ltr' id='par_1_1' title="bbox 103 142 992 320">
     <span class='ocr_line' id='line_1_1' title="bbox 103 142 992 320; baseline 0.008 -38"><span class='ocrx_word' id='word_1_1' title='bbox 103 142 222 282; x_wconf 19' lang='lat' dir='ltr'><strong>¹&#39;arram</strong></span> <span class='ocrx_word' id='word_1_2' title='bbox 245 179 304 317; x_wconf 81' lang='lat' dir='ltr'><strong>fir</strong></span> <span class='ocrx_word' id='word_1_3' title='bbox 334 194 377 285; x_wconf 84' lang='lat' dir='ltr'><strong>ia</strong></span> <span class='ocrx_word' id='word_1_4' title='bbox 421 175 730 287; x_wconf 77' lang='lat' dir='ltr'><em>revelationibus</em></span> <span class='ocrx_word' id='word_1_5' title='bbox 745 207 851 302; x_wconf 69' lang='lat' dir='ltr'><strong>&amp;a</strong></span> <span class='ocrx_word' id='word_1_6' title='bbox 885 220 992 320; x_wconf 75' lang='lat'><strong>277</strong></span> 
     </span>
    </p>
   </div>
   <div class='ocr_carea' id='block_1_2' title="bbox 69 353 1104 2693">
    <p class='ocr_par' dir='ltr' id='par_1_2' title="bbox 69 353 1104 1576">
     <span class='ocr_line' id='line_1_2' title="bbox 69 353 1064 459; baseline 0.003 -25"><span class='ocrx_word' id='word_1_7' title='bbox 69 376 122 434; x_wconf 84' lang='lat' dir='ltr'><strong>ua</strong></span> <span class='ocrx_word' id='word_1_8' title='bbox 162 353 298 447; x_wconf 87' lang='lat' dir='ltr'><strong>salute,</strong></span> <span class='ocrx_word' id='word_1_9' title='bbox 338 359 377 435; x_wconf 92' lang='lat' dir='ltr'><strong>vi</strong></span> <span class='ocrx_word' id='word_1_10' title='bbox 411 358 516 458; x_wconf 82' lang='lat' dir='ltr'><strong>cujus</strong></span> <span class='ocrx_word' id='word_1_11' title='bbox 562 359 785 459; x_wconf 66' lang='lat' dir='ltr'><strong>omnigenis⁴</strong></span> <span class='ocrx_word' id='word_1_12' title='bbox 807 359 1001 438; x_wconf 51' lang='lat' dir='ltr'><strong>liberare·¹</strong></span> <span class='ocrx_word' id='word_1_13' title='bbox 1063 411 1064 421; x_wconf 55' lang='lat'><strong>,</strong></span> 
     </span>
     <span class='ocr_line' id='line_1_3' title="bbox 69 457 990 562; baseline 0.001 -26"><span class='ocrx_word' id='word_1_14' title='bbox 69 468 153 549; x_wconf 86' lang='lat' dir='ltr'><strong>tur,</strong></span> <span class='ocrx_word' id='word_1_15' title='bbox 187 457 228 535; x_wconf 76' lang='lat' dir='ltr'><strong>dc</strong></span> <span class='ocrx_word' id='word_1_16' title='bbox 261 459 308 536; x_wconf 92' lang='lat' dir='ltr'><strong>de</strong></span> <span class='ocrx_word' id='word_1_17' title='bbox 335 460 496 537; x_wconf 87' lang='lat' dir='ltr'><strong>inimicis</strong></span> <span class='ocrx_word' id='word_1_18' title='bbox 528 459 610 538; x_wconf 82' lang='lat' dir='ltr'><strong>suis</strong></span> <span class='ocrx_word' id='word_1_19' title='bbox 641 462 681 538; x_wconf 89' lang='lat' dir='ltr'><strong>in</strong></span> <span class='ocrx_word' id='word_1_20' title='bbox 716 476 891 562; x_wconf 90' lang='lat' dir='ltr'><strong>perpetua</strong></span> <span class='ocrx_word' id='word_1_21' title='bbox 935 463 990 538; x_wconf 86' lang='lat' dir='ltr'><strong>se·</strong></span> 
     </span>
     <span class='ocr_line' id='line_1_4' title="bbox 69 558 988 663; baseline 0.004 -27"><span class='ocrx_word' id='word_1_22' title='bbox 69 558 237 636; x_wconf 58' lang='lat' dir='ltr'><strong>licitate‘</strong></span> <span class='ocrx_word' id='word_1_23' title='bbox 260 561 514 663; x_wconf 84' lang='lat' dir='ltr'><strong>triumpharet.</strong></span> <span class='ocrx_word' id='word_1_24' title='bbox 577 563 727 661; x_wconf 77' lang='lat' dir='ltr'>Flagrat</span> <span class='ocrx_word' id='word_1_25' title='bbox 769 590 844 639; x_wconf 91' lang='lat' dir='ltr'><strong>non</strong></span> <span class='ocrx_word' id='word_1_26' title='bbox 879 578 988 640; x_wconf 81' lang='lat' dir='ltr'><strong>nenio</strong></span> 
     </span>
     <span class='ocr_line' id='line_1_5' title="bbox 69 659 987 764; baseline 0.007 -27"><span class='ocrx_word' id='word_1_27' title='bbox 69 659 255 739; x_wconf 88' lang='lat' dir='ltr'><strong>servorum</strong></span> <span class='ocrx_word' id='word_1_28' title='bbox 291 664 363 741; x_wconf 93' lang='lat' dir='ltr'><strong>Dei</strong></span> <span class='ocrx_word' id='word_1_29' title='bbox 397 664 542 742; x_wconf 82' lang='lat' dir='ltr'>ardenti</span> <span class='ocrx_word' id='word_1_30' title='bbox 575 666 743 764; x_wconf 89' lang='lat' dir='ltr'><strong>martyrii</strong></span> <span class='ocrx_word' id='word_1_31' title='bbox 789 665 987 743; x_wconf 80' lang='lat' dir='ltr'><strong>desiderio:</strong></span> 
     </span>
     <span class='ocr_line' id='line_1_6' title="bbox 69 760 1104 871; baseline 0.002 -31"><span class='ocrx_word' id='word_1_32' title='bbox 69 760 112 840; x_wconf 74' lang='lat' dir='ltr'><strong>dc</strong></span> <span class='ocrx_word' id='word_1_33' title='bbox 150 764 253 840; x_wconf 89' lang='lat' dir='ltr'><strong>Deus</strong></span> <span class='ocrx_word' id='word_1_34' title='bbox 296 765 350 842; x_wconf 92' lang='lat' dir='ltr'><strong>illi</strong></span> <span class='ocrx_word' id='word_1_35' title='bbox 382 765 592 866; x_wconf 75' lang='lat' dir='ltr'><strong>respondet,</strong></span> <span class='ocrx_word' id='word_1_36' title='bbox 632 767 863 866; x_wconf 77' lang='lat' dir='ltr'><strong>revelatque:</strong></span> <span class='ocrx_word' id='word_1_37' title='bbox 935 763 988 842; x_wconf 83' lang='lat' dir='ltr'><strong>Tu</strong></span> <span class='ocrx_word' id='word_1_38' title='bbox 1067 808 1104 871; x_wconf 42' lang='grc' dir='ltr'>χ</span> 
     </span>
     <span class='ocr_line' id='line_1_7' title="bbox 69 863 1016 965; baseline 0.006 -27"><span class='ocrx_word' id='word_1_39' title='bbox 69 868 265 961; x_wconf 75' lang='lat' dir='ltr'><strong>martyriam</strong></span> <span class='ocrx_word' id='word_1_40' title='bbox 285 863 425 965; x_wconf 78' lang='lat' dir='ltr'><em>subibis.</em></span> <span class='ocrx_word' id='word_1_41' title='bbox 474 866 659 946; x_wconf 82' lang='lat' dir='ltr'><strong>Promilsro</strong></span> <span class='ocrx_word' id='word_1_42' title='bbox 691 869 774 943; x_wconf 88' lang='lat' dir='ltr'><strong>haec</strong></span> <span class='ocrx_word' id='word_1_43' title='bbox 800 892 891 946; x_wconf 89' lang='lat' dir='ltr'><strong>-vera</strong></span> <span class='ocrx_word' id='word_1_44' title='bbox 919 868 1016 944; x_wconf 65' lang='lat' dir='ltr'><strong>esset</strong></span> 
     </span>
     <span class='ocr_line' id='line_1_8' title="bbox 69 962 988 1070; baseline 0.007 -29"><span class='ocrx_word' id='word_1_45' title='bbox 69 962 211 1064; x_wconf 85' lang='lat' dir='ltr'><strong>potest,</strong></span> <span class='ocrx_word' id='word_1_46' title='bbox 246 979 457 1065; x_wconf 83' lang='lat' dir='ltr'><strong>quanquam</strong></span> <span class='ocrx_word' id='word_1_47' title='bbox 492 967 554 1047; x_wconf 83' lang='lat' dir='ltr'><strong>ille</strong></span> <span class='ocrx_word' id='word_1_48' title='bbox 581 971 622 1045; x_wconf 91' lang='lat' dir='ltr'><strong>in</strong></span> <span class='ocrx_word' id='word_1_49' title='bbox 645 970 778 1067; x_wconf 62' lang='lat' dir='ltr'><strong>„odium</strong></span> <span class='ocrx_word' id='word_1_50' title='bbox 811 969 897 1047; x_wconf 88' lang='lat' dir='ltr'><strong>fidei</strong></span> <span class='ocrx_word' id='word_1_51' title='bbox 926 984 988 1070; x_wconf 83' lang='lat' dir='ltr'><strong>ty·</strong></span> 
     </span>
     <span class='ocr_line' id='line_1_9' title="bbox 69 1070 987 1168; baseline 0.009 -26"><span class='ocrx_word' id='word_1_52' title='bbox 69 1088 269 1168; x_wconf 77' lang='lat' dir='ltr'><strong>rannerum</strong></span> <span class='ocrx_word' id='word_1_53' title='bbox 317 1073 489 1148; x_wconf 91' lang='lat' dir='ltr'><strong>manibus</strong></span> <span class='ocrx_word' id='word_1_54' title='bbox 533 1097 609 1148; x_wconf 90' lang='lat' dir='ltr'><strong>non</strong></span> <span class='ocrx_word' id='word_1_55' title='bbox 644 1070 875 1147; x_wconf 82' lang='lat' dir='ltr'><strong>occidatur:</strong></span> <span class='ocrx_word' id='word_1_56' title='bbox 899 1072 987 1167; x_wconf 88' lang='lat' dir='ltr'><strong>quia</strong></span> 
     </span>
     <span class='ocr_line' id='line_1_10' title="bbox 69 1167 986 1263; baseline 0.003 -19"><span class='ocrx_word' id='word_1_57' title='bbox 69 1167 172 1244; x_wconf 84' lang='lat' dir='ltr'><strong>Deus</strong></span> <span class='ocrx_word' id='word_1_58' title='bbox 212 1181 337 1248; x_wconf 87' lang='lat' dir='ltr'><strong>tantas</strong></span> <span class='ocrx_word' id='word_1_59' title='bbox 371 1173 584 1249; x_wconf 75' lang='lat' dir='ltr'><strong>affliliiones</strong></span> <span class='ocrx_word' id='word_1_60' title='bbox 622 1171 660 1250; x_wconf 79' lang='lat' dir='ltr'><strong>da</strong></span> <span class='ocrx_word' id='word_1_61' title='bbox 681 1172 986 1263; x_wconf 72' lang='lat' dir='ltr'><strong>tribulationesqi</strong></span> 
     </span>
     <span class='ocr_line' id='line_1_11' title="bbox 69 1268 986 1374; baseline 0.009 -31"><span class='ocrx_word' id='word_1_62' title='bbox 69 1268 266 1349; x_wconf 87' lang='lat' dir='ltr'><strong>immittere</strong></span> <span class='ocrx_word' id='word_1_63' title='bbox 302 1274 436 1374; x_wconf 87' lang='lat' dir='ltr'><strong>potest,</strong></span> <span class='ocrx_word' id='word_1_64' title='bbox 474 1288 517 1352; x_wconf 94' lang='lat' dir='ltr'><strong>ut</strong></span> <span class='ocrx_word' id='word_1_65' title='bbox 548 1275 721 1353; x_wconf 88' lang='lat' dir='ltr'><strong>meritum</strong></span> <span class='ocrx_word' id='word_1_66' title='bbox 754 1272 793 1350; x_wconf 77' lang='lat' dir='ltr'><strong>dc</strong></span> <span class='ocrx_word' id='word_1_67' title='bbox 830 1274 986 1370; x_wconf 83' lang='lat' dir='ltr'><strong>gloriam</strong></span> 
     </span>
     <span class='ocr_line' id='line_1_12' title="bbox 69 1375 984 1472; baseline 0.001 -25"><span class='ocrx_word' id='word_1_68' title='bbox 69 1376 273 1472; x_wconf 82' lang='lat' dir='ltr'><strong>martyrum</strong></span> <span class='ocrx_word' id='word_1_69' title='bbox 315 1379 508 1471; x_wconf 81' lang='lat' dir='ltr'><strong>adaequet3</strong></span> <span class='ocrx_word' id='word_1_70' title='bbox 554 1375 593 1454; x_wconf 90' lang='lat'><strong>&amp;</strong></span> <span class='ocrx_word' id='word_1_71' title='bbox 621 1376 809 1453; x_wconf 88' lang='lat' dir='ltr'><strong>cumulare</strong></span> <span class='ocrx_word' id='word_1_72' title='bbox 836 1396 922 1449; x_wconf 88' lang='lat' dir='ltr'><strong>eum·</strong></span> <span class='ocrx_word' id='word_1_73' title='bbox 944 1398 984 1448; x_wconf 84' lang='lat' dir='ltr'><strong>e-</strong></span> 
     </span>
     <span class='ocr_line' id='line_1_13' title="bbox 69 1470 1050 1576; baseline 0.002 -28"><span class='ocrx_word' id='word_1_74' title='bbox 69 1470 159 1549; x_wconf 83' lang='lat' dir='ltr'><strong>tiam</strong></span> <span class='ocrx_word' id='word_1_75' title='bbox 192 1477 309 1573; x_wconf 82' lang='lat' dir='ltr'><strong>potest</strong></span> <span class='ocrx_word' id='word_1_76' title='bbox 353 1491 410 1553; x_wconf 92' lang='lat' dir='ltr'><strong>tot</strong></span> <span class='ocrx_word' id='word_1_77' title='bbox 438 1477 575 1554; x_wconf 87' lang='lat' dir='ltr'><strong>amoris</strong></span> <span class='ocrx_word' id='word_1_78' title='bbox 615 1476 816 1576; x_wconf 87' lang='lat' dir='ltr'>suppliciis,</span> <span class='ocrx_word' id='word_1_79' title='bbox 839 1489 882 1551; x_wconf 91' lang='lat' dir='ltr'><strong>ut</strong></span> <span class='ocrx_word' id='word_1_80' title='bbox 905 1473 985 1551; x_wconf 89' lang='lat' dir='ltr'><strong>san·</strong></span> <span class='ocrx_word' id='word_1_81' title='bbox 1034 1500 1050 1537; x_wconf 71' lang='grc' dir='ltr'><strong>ν</strong></span> 
     </span>
    </p>

    <p class='ocr_par' dir='ltr' id='par_1_3' title="bbox 69 1572 1103 2693">
     <span class='ocr_line' id='line_1_14' title="bbox 69 1572 1103 1678; baseline 0.003 -30"><span class='ocrx_word' id='word_1_82' title='bbox 69 1572 111 1648; x_wconf 73' lang='lat' dir='ltr'><strong>ei</strong></span> <span class='ocrx_word' id='word_1_83' title='bbox 153 1577 290 1673; x_wconf 85' lang='lat' dir='ltr'><strong>amoris</strong></span> <span class='ocrx_word' id='word_1_84' title='bbox 323 1593 466 1678; x_wconf 85' lang='lat' dir='ltr'><strong>martyr</strong></span> <span class='ocrx_word' id='word_1_85' title='bbox 501 1577 690 1657; x_wconf 84' lang='lat' dir='ltr'><strong>efficiatur.</strong></span> <span class='ocrx_word' id='word_1_86' title='bbox 742 1577 799 1654; x_wconf 89' lang='lat' dir='ltr'><strong>lta</strong></span> <span class='ocrx_word' id='word_1_87' title='bbox 824 1591 867 1653; x_wconf 91' lang='lat' dir='ltr'><strong>ut</strong></span> <span class='ocrx_word' id='word_1_88' title='bbox 902 1599 982 1651; x_wconf 79' lang='lat' dir='ltr'><strong>me·</strong></span> <span class='ocrx_word' id='word_1_89' title='bbox 1096 1662 1103 1675; x_wconf 85' lang='lat'><strong>.</strong></span> 
     </span>
     <span class='ocr_line' id='line_1_15' title="bbox 69 1674 985 1770; baseline 0.003 -20"><span class='ocrx_word' id='word_1_90' title='bbox 69 1674 316 1770; x_wconf 84' lang='lat' dir='ltr'><strong>ritoinseram,</strong></span> <span class='ocrx_word' id='word_1_91' title='bbox 337 1681 473 1757; x_wconf 89' lang='lat' dir='ltr'><strong>divinis</strong></span> <span class='ocrx_word' id='word_1_92' title='bbox 492 1680 777 1758; x_wconf 86' lang='lat' dir='ltr'><strong>revelationibus</strong></span> <span class='ocrx_word' id='word_1_93' title='bbox 794 1678 985 1755; x_wconf 83' lang='lat' dir='ltr'><strong>multoties</strong></span> 
     </span>
     <span class='ocr_line' id='line_1_16' title="bbox 69 1776 1037 1881; baseline 0.005 -31"><span class='ocrx_word' id='word_1_94' title='bbox 69 1776 172 1874; x_wconf 84' lang='lat' dir='ltr'><strong>longe</strong></span> <span class='ocrx_word' id='word_1_95' title='bbox 201 1779 341 1871; x_wconf 88' lang='lat' dir='ltr'><strong>alium,</strong></span> <span class='ocrx_word' id='word_1_96' title='bbox 386 1804 499 1879; x_wconf 90' lang='lat' dir='ltr'><strong>quam</strong></span> <span class='ocrx_word' id='word_1_97' title='bbox 527 1783 649 1879; x_wconf 91' lang='lat' dir='ltr'><strong>quoad</strong></span> <span class='ocrx_word' id='word_1_98' title='bbox 683 1781 838 1881; x_wconf 90' lang='lat' dir='ltr'><strong>speciem</strong></span> <span class='ocrx_word' id='word_1_99' title='bbox 864 1780 982 1856; x_wconf 90' lang='lat' dir='ltr'><strong>osten·</strong></span> <span class='ocrx_word' id='word_1_100' title='bbox 1034 1839 1037 1847; x_wconf 62' lang='grc'>,</span> 
     </span>
     <span class='ocr_line' id='line_1_17' title="bbox 69 1878 982 1969; baseline 0.005 -16"><span class='ocrx_word' id='word_1_101' title='bbox 69 1878 180 1969; x_wconf 86' lang='lat' dir='ltr'><strong>dunt,</strong></span> <span class='ocrx_word' id='word_1_102' title='bbox 218 1880 358 1958; x_wconf 87' lang='lat' dir='ltr'><strong>sensum</strong></span> <span class='ocrx_word' id='word_1_103' title='bbox 414 1881 559 1959; x_wconf 87' lang='lat' dir='ltr'><strong>subesse.</strong></span> <span class='ocrx_word' id='word_1_104' title='bbox 612 1884 663 1961; x_wconf 89' lang='lat' dir='ltr'><strong>Et</strong></span> <span class='ocrx_word' id='word_1_105' title='bbox 691 1882 757 1958; x_wconf 88' lang='lat' dir='ltr'><strong>nifi</strong></span> <span class='ocrx_word' id='word_1_106' title='bbox 781 1882 906 1958; x_wconf 90' lang='lat' dir='ltr'><strong>anima</strong></span> <span class='ocrx_word' id='word_1_107' title='bbox 932 1880 982 1958; x_wconf 88' lang='lat' dir='ltr'><strong>ad</strong></span> 
     </span>
     <span class='ocr_line' id='line_1_18' title="bbox 69 1977 980 2072; baseline 0.001 -16"><span class='ocrx_word' id='word_1_108' title='bbox 69 1977 292 2058; x_wconf 76' lang='lat' dir='ltr'><strong>absconditos</strong></span> <span class='ocrx_word' id='word_1_109' title='bbox 332 1982 371 2060; x_wconf 76' lang='lat' dir='ltr'><strong>dc</strong></span> <span class='ocrx_word' id='word_1_110' title='bbox 407 2009 430 2059; x_wconf 90' lang='lat' dir='ltr'><strong>a</strong></span> <span class='ocrx_word' id='word_1_111' title='bbox 460 1983 618 2061; x_wconf 78' lang='lat' dir='ltr'><strong>sensibus</strong></span> <span class='ocrx_word' id='word_1_112' title='bbox 653 1984 782 2060; x_wconf 88' lang='lat' dir='ltr'><strong>nostris</strong></span> <span class='ocrx_word' id='word_1_113' title='bbox 805 1994 980 2072; x_wconf 87' lang='lat' dir='ltr'><strong>remotos,</strong></span> 
     </span>
     <span class='ocr_line' id='line_1_19' title="bbox 69 2081 979 2184; baseline 0.004 -29"><span class='ocrx_word' id='word_1_114' title='bbox 69 2081 125 2178; x_wconf 73' lang='lat' dir='ltr'><strong>qui</strong></span> <span class='ocrx_word' id='word_1_115' title='bbox 150 2082 289 2160; x_wconf 88' lang='lat' dir='ltr'><strong>inillis</strong></span> <span class='ocrx_word' id='word_1_116' title='bbox 314 2085 476 2176; x_wconf 88' lang='lat' dir='ltr'><strong>latitant,</strong></span> <span class='ocrx_word' id='word_1_117' title='bbox 514 2085 634 2162; x_wconf 89' lang='lat' dir='ltr'><strong>sensus</strong></span> <span class='ocrx_word' id='word_1_118' title='bbox 660 2086 905 2184; x_wconf 88' lang='lat' dir='ltr'><strong>penetrandos</strong></span> <span class='ocrx_word' id='word_1_119' title='bbox 915 2108 979 2159; x_wconf 83' lang='lat' dir='ltr'><strong>ex-</strong></span> 
     </span>
     <span class='ocr_line' id='line_1_20' title="bbox 69 2184 979 2285; baseline 0.004 -28"><span class='ocrx_word' id='word_1_120' title='bbox 69 2184 344 2261; x_wconf 85' lang='lat' dir='ltr'><strong>raordinarium</strong></span> <span class='ocrx_word' id='word_1_121' title='bbox 394 2187 532 2264; x_wconf 85' lang='lat' dir='ltr'><strong>habeat</strong></span> <span class='ocrx_word' id='word_1_122' title='bbox 566 2187 693 2264; x_wconf 89' lang='lat' dir='ltr'><strong>lumen</strong></span> <span class='ocrx_word' id='word_1_123' title='bbox 729 2188 747 2283; x_wconf 92' lang='lat'><strong>(</strong></span> <span class='ocrx_word' id='word_1_124' title='bbox 783 2198 891 2285; x_wconf 89' lang='lat' dir='ltr'><strong>prout</strong></span> <span class='ocrx_word' id='word_1_125' title='bbox 921 2208 979 2261; x_wconf 85' lang='lat' dir='ltr'><strong>re·</strong></span> 
     </span>
     <span class='ocr_line' id='line_1_21' title="bbox 69 2281 978 2385; baseline 0.001 -26"><span class='ocrx_word' id='word_1_126' title='bbox 69 2281 144 2382; x_wconf 75' lang='lat' dir='ltr'><strong>ipse</strong></span> <span class='ocrx_word' id='word_1_127' title='bbox 191 2285 284 2362; x_wconf 91' lang='lat' dir='ltr'><strong>illud</strong></span> <span class='ocrx_word' id='word_1_128' title='bbox 318 2288 540 2384; x_wconf 87' lang='lat' dir='ltr'><strong>quandoque</strong></span> <span class='ocrx_word' id='word_1_129' title='bbox 571 2287 787 2366; x_wconf 80' lang='lat' dir='ltr'><strong>nonhabet</strong></span> <span class='ocrx_word' id='word_1_130' title='bbox 817 2285 978 2385; x_wconf 87' lang='lat' dir='ltr'><strong>)necel·</strong></span> 
     </span>
     <span class='ocr_line' id='line_1_22' title="bbox 69 2383 978 2491; baseline 0.009 -29"><span class='ocrx_word' id='word_1_131' title='bbox 69 2383 159 2462; x_wconf 73' lang='lat' dir='ltr'><strong>ario·</strong></span> <span class='ocrx_word' id='word_1_132' title='bbox 177 2411 261 2464; x_wconf 90' lang='lat' dir='ltr'><strong>eam</strong></span> <span class='ocrx_word' id='word_1_133' title='bbox 285 2388 427 2488; x_wconf 90' lang='lat' dir='ltr'><strong>decipi,</strong></span> <span class='ocrx_word' id='word_1_134' title='bbox 453 2388 492 2466; x_wconf 75' lang='lat' dir='ltr'><strong>bc</strong></span> <span class='ocrx_word' id='word_1_135' title='bbox 517 2389 557 2465; x_wconf 89' lang='lat' dir='ltr'><strong>in</strong></span> <span class='ocrx_word' id='word_1_136' title='bbox 576 2389 719 2491; x_wconf 83' lang='lat' dir='ltr'><strong>pejores</strong></span> <span class='ocrx_word' id='word_1_137' title='bbox 744 2388 831 2465; x_wconf 89' lang='lat' dir='ltr'><strong>dein</strong></span> <span class='ocrx_word' id='word_1_138' title='bbox 856 2386 978 2470; x_wconf 78' lang='lat' dir='ltr'><strong>adhuc</strong></span> 
     </span>
     <span class='ocr_line' id='line_1_23' title="bbox 69 2485 1064 2593; baseline 0.003 -32"><span class='ocrx_word' id='word_1_139' title='bbox 69 2508 200 2564; x_wconf 72' lang='lat' dir='ltr'><strong>errores</strong></span> <span class='ocrx_word' id='word_1_140' title='bbox 235 2490 398 2566; x_wconf 89' lang='lat' dir='ltr'><strong>incidere</strong></span> <span class='ocrx_word' id='word_1_141' title='bbox 450 2491 654 2590; x_wconf 84' lang='lat' dir='ltr'><strong>oportebit,</strong></span> <span class='ocrx_word' id='word_1_142' title='bbox 688 2491 718 2566; x_wconf 87' lang='lat' dir='ltr'><strong>sr</strong></span> <span class='ocrx_word' id='word_1_143' title='bbox 758 2489 863 2593; x_wconf 81' lang='lat' dir='ltr'><strong>juxta</strong></span> <span class='ocrx_word' id='word_1_144' title='bbox 909 2485 979 2564; x_wconf 76' lang='lat' dir='ltr'><strong>sal·</strong></span> <span class='ocrx_word' id='word_1_145' title='bbox 1062 2530 1064 2535; x_wconf 32' lang='grc' dir='ltr'><em>ν</em></span> 
     </span>
     <span class='ocr_line' id='line_1_24' title="bbox 69 2585 912 2693; baseline 0.001 -28"><span class='ocrx_word' id='word_1_146' title='bbox 69 2585 134 2666; x_wconf 88' lang='lat' dir='ltr'><strong>&#39;am</strong></span> <span class='ocrx_word' id='word_1_147' title='bbox 173 2588 275 2668; x_wconf 89' lang='lat' dir='ltr'><strong>suam</strong></span> <span class='ocrx_word' id='word_1_148' title='bbox 316 2592 600 2692; x_wconf 85' lang='lat' dir='ltr'><strong>intelligentiam</strong></span> <span class='ocrx_word' id='word_1_149' title='bbox 636 2592 778 2693; x_wconf 84' lang='lat' dir='ltr'><strong>operari</strong></span> <span class='ocrx_word' id='word_1_150' title='bbox 810 2591 912 2671; x_wconf 87' lang='lat' dir='ltr'><strong>velit.</strong></span> 
     </span>
    </p>
   </div>
   <div class='ocr_carea' id='block_1_3' title="bbox 69 2787 1016 3611">
    <p class='ocr_par' dir='ltr' id='par_1_4' title="bbox 69 2787 977 2994">
     <span class='ocr_line' id='line_1_25' title="bbox 69 2787 977 2954; baseline -0.002 -83"><span class='ocrx_word' id='word_1_151' title='bbox 69 2814 143 2893; x_wconf 69' lang='lat'><strong>240.</strong></span> <span class='ocrx_word' id='word_1_152' title='bbox 160 2787 357 2954; x_wconf 82' lang='lat' dir='ltr'><strong>Verum</strong></span> <span class='ocrx_word' id='word_1_153' title='bbox 387 2796 488 2874; x_wconf 85' lang='lat' dir='ltr'><strong>aliud</strong></span> <span class='ocrx_word' id='word_1_154' title='bbox 516 2803 695 2896; x_wconf 86' lang='lat' dir='ltr'><strong>praeterea</strong></span> <span class='ocrx_word' id='word_1_155' title='bbox 724 2793 788 2871; x_wconf 85' lang='lat' dir='ltr'><strong>ob·</strong></span> <span class='ocrx_word' id='word_1_156' title='bbox 805 2790 977 2883; x_wconf 86' lang='lat' dir='ltr'><strong>diversos,</strong></span> 
     </span>
     <span class='ocr_line' id='line_1_26' title="bbox 278 2895 977 2994; baseline -0.006 -20"><span class='ocrx_word' id='word_1_157' title='bbox 278 2917 372 2994; x_wconf 89' lang='lat' dir='ltr'><strong>quos</strong></span> <span class='ocrx_word' id='word_1_158' title='bbox 407 2900 510 2974; x_wconf 87' lang='lat' dir='ltr'><strong>Deus</strong></span> <span class='ocrx_word' id='word_1_159' title='bbox 535 2899 575 2974; x_wconf 91' lang='lat' dir='ltr'><strong>in</strong></span> <span class='ocrx_word' id='word_1_160' title='bbox 598 2897 670 2974; x_wconf 89' lang='lat' dir='ltr'><strong>suis</strong></span> <span class='ocrx_word' id='word_1_161' title='bbox 695 2895 840 2972; x_wconf 89' lang='lat' dir='ltr'><strong>arcanis</strong></span> <span class='ocrx_word' id='word_1_162' title='bbox 870 2910 977 2992; x_wconf 83' lang='lat' dir='ltr'><strong>pate·</strong></span> 
     </span>
    </p>

    <p class='ocr_par' dir='ltr' id='par_1_5' title="bbox 69 2991 1016 3611">
     <span class='ocr_line' id='line_1_27' title="bbox 69 2991 1016 3096; baseline 0.006 -24"><span class='ocrx_word' id='word_1_163' title='bbox 69 2991 237 3072; x_wconf 83' lang='lat' dir='ltr'><strong>&#39;aciendis</strong></span> <span class='ocrx_word' id='word_1_164' title='bbox 260 2996 398 3088; x_wconf 87' lang='lat' dir='ltr'><strong>servat,</strong></span> <span class='ocrx_word' id='word_1_165' title='bbox 424 3000 556 3075; x_wconf 91' lang='lat' dir='ltr'><strong>modos</strong></span> <span class='ocrx_word' id='word_1_166' title='bbox 587 2997 732 3076; x_wconf 89' lang='lat' dir='ltr'><strong>errandi</strong></span> <span class='ocrx_word' id='word_1_167' title='bbox 770 2996 976 3096; x_wconf 88' lang='lat' dir='ltr'><strong>periculum</strong></span> <span class='ocrx_word' id='word_1_168' title='bbox 1011 3058 1016 3078; x_wconf 88' lang='lat'>.</span> 
     </span>
     <span class='ocr_line' id='line_1_28' title="bbox 69 3097 977 3198; baseline -0.003 -24"><span class='ocrx_word' id='word_1_169' title='bbox 69 3097 176 3174; x_wconf 81' lang='lat' dir='ltr'><strong>latur.</strong></span> <span class='ocrx_word' id='word_1_170' title='bbox 230 3099 538 3198; x_wconf 88' lang='lat' dir='ltr'><strong>Quandoquidem</strong></span> <span class='ocrx_word' id='word_1_171' title='bbox 571 3100 767 3187; x_wconf 85' lang='lat' dir='ltr'><strong>veritates,</strong></span> <span class='ocrx_word' id='word_1_172' title='bbox 793 3118 887 3195; x_wconf 91' lang='lat' dir='ltr'><strong>quas</strong></span> <span class='ocrx_word' id='word_1_173' title='bbox 901 3097 977 3171; x_wconf 79' lang='lat' dir='ltr'><strong>De·</strong></span> 
     </span>
     <span class='ocr_line' id='line_1_29' title="bbox 69 3194 976 3291; baseline -0.002 -18"><span class='ocrx_word' id='word_1_174' title='bbox 69 3220 101 3274; x_wconf 81' lang='lat' dir='ltr'><strong>ts</strong></span> <span class='ocrx_word' id='word_1_175' title='bbox 140 3201 302 3291; x_wconf 86' lang='lat' dir='ltr'><strong>revelat,</strong></span> <span class='ocrx_word' id='word_1_176' title='bbox 327 3201 476 3279; x_wconf 87' lang='lat' dir='ltr'><strong>subinde</strong></span> <span class='ocrx_word' id='word_1_177' title='bbox 512 3201 777 3279; x_wconf 84' lang='lat' dir='ltr'><strong>conditionatae</strong></span> <span class='ocrx_word' id='word_1_178' title='bbox 804 3198 905 3284; x_wconf 89' lang='lat' dir='ltr'><strong>sunt,</strong></span> <span class='ocrx_word' id='word_1_179' title='bbox 935 3194 976 3271; x_wconf 72' lang='grc' dir='ltr'><strong>δι</strong></span> 
     </span>
     <span class='ocr_line' id='line_1_30' title="bbox 69 3299 974 3381; baseline -0.006 -7"><span class='ocrx_word' id='word_1_180' title='bbox 69 3299 192 3376; x_wconf 86' lang='lat' dir='ltr'><strong>mimae</strong></span> <span class='ocrx_word' id='word_1_181' title='bbox 218 3323 282 3378; x_wconf 91' lang='lat' dir='ltr'><strong>eas</strong></span> <span class='ocrx_word' id='word_1_182' title='bbox 319 3304 486 3380; x_wconf 89' lang='lat' dir='ltr'><strong>audienti</strong></span> <span class='ocrx_word' id='word_1_183' title='bbox 511 3301 685 3381; x_wconf 87' lang='lat' dir='ltr'><strong>absolutae</strong></span> <span class='ocrx_word' id='word_1_184' title='bbox 710 3301 898 3379; x_wconf 87' lang='lat' dir='ltr'><strong>videntur:</strong></span> <span class='ocrx_word' id='word_1_185' title='bbox 911 3320 974 3370; x_wconf 91' lang='lat' dir='ltr'><strong>eo·</strong></span> 
     </span>
     <span class='ocr_line' id='line_1_31' title="bbox 69 3392 976 3590; baseline 0.001 -109"><span class='ocrx_word' id='word_1_186' title='bbox 69 3392 155 3500; x_wconf 72' lang='lat' dir='ltr'><strong>[uod</strong></span> <span class='ocrx_word' id='word_1_187' title='bbox 191 3402 296 3483; x_wconf 80' lang='lat' dir='ltr'><strong>Deus</strong></span> <span class='ocrx_word' id='word_1_188' title='bbox 331 3406 604 3590; x_wconf 58' lang='lat' dir='ltr'><strong>conditiogem,</strong></span> <span class='ocrx_word' id='word_1_189' title='bbox 625 3401 721 3502; x_wconf 83' lang='lat' dir='ltr'><strong>quin</strong></span> <span class='ocrx_word' id='word_1_190' title='bbox 748 3424 833 3482; x_wconf 83' lang='lat' dir='ltr'><strong>eam</strong></span> <span class='ocrx_word' id='word_1_191' title='bbox 857 3395 976 3579; x_wconf 59' lang='lat' dir='ltr'><strong>rqani·</strong></span> 
     </span>
     <span class='ocr_line' id='line_1_32' title="bbox 545 3522 976 3611; baseline 0 0"><span class='ocrx_word' id='word_1_192' title='bbox 545 3529 571 3611; x_wconf 78' lang='lat'>3</span> <span class='ocrx_word' id='word_1_193' title='bbox 891 3522 932 3575; x_wconf 62' lang='lat'><strong>⁹¹*</strong></span> <span class='ocrx_word' id='word_1_194' title='bbox 972 3592 976 3598; x_wconf 76' lang='lat'><strong>.</strong></span> 
     </span>
    </p>
   </div>
   <div class='ocr_carea' id='block_1_4' title="bbox 0 0 1114 3870">
    <p class='ocr_par' dir='ltr' id='par_1_6' title="bbox 0 0 1114 3870">
     <span class='ocr_line' id='line_1_33' title="bbox 0 0 1114 3870; baseline 0 0"><span class='ocrx_word' id='word_1_195' title='bbox 0 0 1114 3870; x_wconf 95' lang='lat' dir='ltr'><strong> </strong></span> 
     </span>
    </p>
   </div>
  </div>
 </body>
</html>
