2220 3870
23 166 66 268 ¹.
148 143 246 254 464
290 124 396 235 Tr·
435 135 489 230 V.
524 133 622 269 Cap·
662 121 1029 265 XMolqdiat

146 296 339 377 scutiffimi
363 301 403 375 in
427 322 555 376 earum
580 299 751 377 cordibus
775 300 1070 405 remorsumcru·

148 401 291 489 ciatus,
316 401 520 479 &furores
546 400 836 495 enascuntur;·‘sr
862 405 1010 484 timidae
1031 428 1070 482 e·

145 506 225 579 nim
248 501 311 577 hae
335 502 472 578 animae
498 502 533 578 se
556 527 631 578 non
654 524 806 603 peccare
831 503 997 597 scirent,
1031 507 1067 585 iu

146 603 405 693 daemoniacis,
428 626 525 701 quas
563 603 732 680 sustinere
764 609 1069 701 coguntur,i1u·

144 705 453 803 pugnationibus,
491 704 650 781 muitum
688 705 847 804 profesto
868 707 1068 789 levaminis

143 804 336 882 sentirent:
362 829 492 883 verum
517 807 613 904 pati,
639 805 679 882 &
703 805 767 881 sua
792 808 972 905 opinione
998 810 1066 888 ime

142 906 262 1007 fructu
293 908 389 1004 pati,
403 908 479 983 into
495 931 580 982 cum
596 906 820 1003 persuasione
843 909 973 987 Deum
982 922 1068 1009 'gra-

143 1009 240 1100 ulter
271 1005 481 1084 offendendi
514 1009 618 1106 pati,
650 1007 723 1084 hoc
757 1006 841 1104 ipfis
875 1013 1068 1091 cruciatus

141 1106 227 1186 sane
249 1108 490 1186 intolerabilis
514 1110 672 1185 videtur.
723 1108 986 1190 Molestiffimae
1004 1114 1067 1193 hu·

139 1211 201 1311 jus
227 1210 461 1311 persuasionis
500 1209 619 1287 caussa
644 1234 719 1284 non
752 1211 862 1286 modo
891 1215 1064 1304 daemon,

140 1310 202 1388 sed
225 1310 264 1389 dt
289 1311 361 1409 ipse
386 1313 510 1403 Deus,
535 1313 575 1389 ὅ(
598 1310 787 1387 multoties
813 1313 927 1390 ambo
963 1312 1063 1398 fimui
1094 1364 1098 1423 1

142 1411 213 1487 effe
237 1412 388 1510 poffunt.
450 1414 617 1509 'Daemon
650 1413 690 1486 in
704 1409 834 1488 cauffa
859 1414 939 1492 est:
984 1418 1061 1516 qu'n
1095 1436 1098 1441 ·

140 1508 367 1589 afflictarum
380 1513 513 1590 harum
537 1514 744 1591 animarum
770 1529 939 1592 mentem
981 1522 1061 1597 den·

138 1613 186 1692 sus
210 1614 370 1690 tenebris
382 1614 572 1691 obfuscans
590 1614 699 1702 facit,
711 1627 753 1689 ut
765 1621 1059 1712 repugnantiam,

139 1735 251 1810 quarn
276 1715 431 1813 peffimis
457 1714 536 1813 ejus
562 1715 846 1811 suggestionibus
859 1735 1058 1819 opponunt,

139 1814 340 1891 discernere
364 1829 560 1912 nequeant.
613 1819 714 1892 Deus
731 1814 789 1892 'ad
805 1818 905 1895 hanc
917 1823 1057 1920 persua·
1090 1874 1096 1889 ·

137 1913 275 1993 fionem
301 1917 416 2014 potest
441 1938 673 2006 concurrere,
699 1918 789 1993 dum
821 1919 884 1994 his
920 1926 1056 2002 anima·

137 2017 208 2095 bus
233 2040 343 2093 omne
368 2018 511 2106 lumen,
537 2018 576 2094 ὅ(
601 2041 749 2096 omnem
775 2019 874 2097 circa
901 2020 992 2102 suas
1009 2049 1057 2102 re·

135 2120 358 2217 pugnantius
383 2117 558 2194 reflexam
580 2119 844 2217 cogitationem
883 2127 1055 2205 auferens

132 2219 242 2311 facit,
268 2235 331 2308 ut.
356 2218 422 2296 etsi
445 2219 623 2308 resistant,
649 2221 684 2296 se
708 2235 835 2296 tamen
861 2249 944 2302 non
979 2252 1055 2328 pec·

134 2345 219 2401 care
243 2323 457 2417 nentiquam
478 2321 717 2419 cognoscant3
732 2321 770 2399 du
795 2321 844 2398 src
867 2325 913 2400 in
934 2328 1056 2428 ingen·

132 2433 192 2498 tes
218 2422 376 2521 profesto
400 2424 585 2520 angustias
609 2424 862 2520 conjiciantur.
899 2429 1056 2508 Daemon
1090 2474 1094 2489 ·

131 2547 180 2599 ex
205 2524 368 2622 perverso
393 2524 538 2601 animas
564 2525 605 2599 in
629 2525 923 2623 desperationem
938 2534 1054 2609 detur·

130 2623 243 2701 bandi
266 2623 447 2727 pmposrto
471 2626 527 2702 ita
551 2625 648 2722 agit:
675 2627 776 2702 Deus
802 2627 843 2702 id
869 2645 1054 2715 autemex

128 2723 249 2800 santio
272 2750 338 2803 eas
357 2728 397 2801 in
421 2728 683 2827 purgationum
708 2726 855 2803 clibano
894 2731 940 2810 dc
973 2735 1052 2813 niti·

127 2825 214 2901 dius
238 2826 278 2903 ἀ
303 2828 415 2905 citius
435 2828 643 2926 expoliendi
668 2827 742 2904 fine
768 2844 960 2926 operatur.
995 2830 1052 2915 Ad
1090 2914 1093 2923 ,

126 2926 351 3005 Diretiorem
386 2942 513 3006 autem
544 2930 732 3029 pertinet,
766 2954 832 3007 eas
856 2937 1052 3027 consolari,
1090 2956 1093 2961 '

125 3026 165 3106 dt
190 3031 312 3119 omni,
338 3050 411 3126 quo
435 3031 515 3106 fieri
540 3030 798 3130 potest,modo
813 3031 1053 3119 securasred·

122 3132 234 3220 dere,
259 3144 303 3210 ut
325 3132 435 3229 paulo
461 3131 538 3232 post
561 3133 782 3212 videbimus.

116 3357 208 3491 uro·
219 3331 399 3510 Similis
419 3333 508 3422 huic
529 3333 583 3414 est
605 3332 680 3419 aua
702 3331 880 3434 quaedam
901 3338 1053 3542 Ἓξιίῐι-
