2220 3870
438 98 713 249 intexam

102 280 324 378 sufficienter
344 282 521 383 dispositis
544 283 684 381 acquiri
704 282 847 383 potest,
863 288 951 362 ‘non
976 309 1052 362 ve«

63 480 66 487 ¹
101 410 148 467 ro
173 384 316 475 infusa,
342 408 454 484 quam
472 411 584 464 nemo
608 385 672 463 ubi
693 409 897 485 procurare
921 389 1036 463 inten·
1081 414 1085 481 i

102 489 198 579 dat,
231 488 292 564 sed
317 490 451 583 quibus
478 513 502 566 a
523 490 611 567 Dec
625 491 817 577 donatur,
847 489 1037 566 humiliter
1078 486 1083 601 ΙΙ

103 590 210 670 illam
236 604 441 688 acceptent.
469 616 530 688 uo.
551 589 590 668 dr
616 587 687 687 seq.
712 588 948 679 'Quomodo
965 591 1038 668 ani·
1075 638 1080 699 Ι·

102 716 168 773 ma
199 691 238 767 in
268 690 332 768 illa
355 691 389 767 se
425 716 553 788 gerere
584 693 749 783 debean„
806 692 1036 769 Conceditur

67 813 70 817 ’
103 793 223 872 ctiam
251 794 513 891 incipientibus
545 794 809 894 imperfectis,
854 797 896 870 in
924 798 1036 893 gradu
1073 838 1077 899 3

103 909 235 977 umen
255 894 445 972 inferiore.
474 922 533 998 94.
555 895 594 972 dr
612 905 672 993 pu.
736 894 832 994 Ejus
855 897 1034 996 objetium
1073 908 1076 917 '

104 997 293 1101 proprium
317 997 369 1072 est
392 999 525 1088 Deus',
551 998 632 1099 ejus
653 996 866 1087 attributa,
894 999 1037 1075 cunda·
1071 990 1076 1093 l

80 1120 180 1199 .que
199 1099 280 1198 ejus
297 1121 410 1197 opera
428 1113 604 1189 naturae,
639 1098 679 1177 δι
702 1099 870 1196 gratiae,-
897 1100 940 1179 dr
962 1101 1036 1177 uni·
1071 1102 1075 1173 l

103 1198 238 1282 versum
283 1225 395 1276 omne
433 1202 614 1300 objeitum
639 1200 737 1277 lidei.
780 1227 868 1298 103.
958 1203 1036 1280 Post
1072 1276 1075 1281 ,

105 1304 231 1384 Deum
257 1301 438 1402 objectum
467 1305 594 1402 ‘magis
619 1304 806 1403 proprium
841 1303 896 1381 est
931 1305 1037 1407 JElus
1071 1306 1076 1367 l

104 1404 285 1483 Christus.
364 1405 596 1504 Rejiciuntur
617 1404 841 1505 objectiones
866 1406 1036 1484 saliorum

105 1505 457 1605 contemplantium,
484 1508 548 1604 qui
568 1506 700 1608 JElum
726 1507 919 1585 Christum
945 1509 1034 1608 ejus·
1072 1498 1076 1545 ²

106 1631 180 1708 que
202 1607 452 1685 sanctissimam
473 1610 785 1691 humanitatem
807 1612 1035 1712 contempla
1073 1556 1078 1683 l

102 1712 208 1789 tione
230 1709 445 1807 excludunt.
474 1737 557 1787 112.
573 1711 611 1788 dr
629 1710 725 1808 sequ.
797 1712 1035 1793 [levatio‘er-
1072 1686 1079 1775 l

104 1836 156 1915 ga
187 1810 436 1889 sandillrmam
471 1811 730 1910 Virginem&
760 1811 939 1895 Sanaos..
959 1837 1034 1891 eam
1074 1818 1081 1947 l

104 1938 182 1993 non
214 1913 397 2002 destruit,
430 1912 491 1989 sed
520 1922 723 2013 promovet
759 1940 848 2013 139.
928 1916 1035 2012 Affig·
1077 1950 1082 2005 ι

105 2028 245 2094 uantur
268 2015 592 2111 contemplationis
610 2016 787 2114 principia
806 2043 893 2119 ¹4⁰*
918 2018 959 2096 &
973 2019 1033 2114 serp
1079 2028 1083 2061 ἰ

107 2117 203 2209 Quae
220 2115 289 2190 smt
312 2114 561 2214 dispositiones
580 2121 627 2194 ad
644 2119 758 2194 illam.
774 2143 862 2214 230.
918 2120 1035 2199 Etiam

106 2221 157 2298 ad
186 2220 325 2316 gradus
356 2221 679 2318 contemplationis
711 2223 1034 2309 extraordinariae,

107 2320 277 2408 extales,
309 2319 349 2396 dt
379 2333 508 2418 raptus
535 2348 609 2396 non
638 2321 879 2418 requiruntur
912 2325 1037 2421 gratiae
1083 2354 1088 2413 p

98 2423 225 2523 gratis
252 2423 385 2510 datae,
423 2421 484 2497 sed
506 2422 636 2513 sufficit
658 2425 798 2499 donum
828 2423 1037 2522 sapientiae,
1084 2418 1087 2433 '

107 2524 148 2602 dr
172 2521 412 2599 intelletiu's:
450 2524 647 2620 requiritur
677 2538 804 2599 autem
831 2528 953 2604 etiam
978 2549 1037 2627 pro
1083 2524 1087 2615 ξ

72 2703 75 2710 ,
107 2623 286 2720 acquisita
307 2624 457 2720 aliquod
475 2626 613 2701 donum
626 2625 750 2701 Sanlli
759 2626 939 2724 Spiritus.
963 2652 1037 2728 147.
1083 2640 1087 2659 '

168 2725 445 2823 Contemplatio
473 2749 565 2824 pura
586 2727 660 2802 sme
680 2727 858 2803 concursu
883 2731 1038 2828 phanta-

20 2877 31 2891 .
108 2822 172 2903 sne
188 2850 264 2901 non
282 2828 393 2902 datur
414 2828 453 2902 in
477 2829 653 2925 gradibus
670 2827 941 2921 inferioribus,
974 2832 1039 2908 mi·

27 2975 33 2991 ‚
105 2948 253 3022 nusque
277 2927 458 3026 perfertis.
490 2955 573 3028 157.
592 2928 632 3007 dr
649 2928 721 3026 seq.
779 2930 1036 3030 Respondetur

103 3027 393 3126 objectionibus,
420 3052 506 3127 quae
529 3030 624 3106 fiunt
645 3033 685 3107 in
713 3033 976 3124 contrarium,
1002 3032 1036 3109 dc
1081 3104 1086 3151 ί

58 3198 60 3203 ,
101 3128 324 3228 exsplicatur
348 3135 515 3223 modus,
550 3155 624 3229 quo
648 3134 690 3213 id
715 3134 926 3230 contingat.
947 3143 1035 3231 ,163.
1078 3162 1083 3207 ;

100 3227 144 3306 dr
163 3229 234 3327 seq.
297 3231 366 3310 Aa.
385 3235 741 3332 contemplationem
765 3258 902 3334 puram
925 3239 1038 3337 phau·

54 3424 56 3429 ¹
101 3329 194 3415 talia
212 3331 379 3418 effective
401 3361 481 3418 nou
499 3337 697 3420 concurrit.
726 3337 960 3522 ¹⁶⁶’'&s{q‘

179 3470 186 3487 ·
249 3482 252 3487 ·
496 3488 504 3511 -.
930 3465 997 3523 011·
1076 3508 1081 3551 ,
