2220 3870
142 129 218 232 538
254 112 325 210 Tr·
361 116 415 209 V.
452 111 555 244 Cap.
597 106 746 209 XVu.
775 108 858 213 De·
885 104 1033 244 efferii.
1095 40 1099 99 Ι

138 283 309 385 AEgyptii
331 282 370 358 in
381 279 584 381 prodigiosa
608 281 671 358 illa
695 277 801 355 noste
841 272 1063 374 circumdati
1095 270 1098 279 '

138 388 255 469 luere.
288 381 572 473 *Et'tamenssr
597 385 638 460 S.
654 381 787 483 loanni
812 377 1065 468 aCruce,-&
1096 454 1099 465 ,

125 490 229 569 aliis
262 485 472 573 tenebrosas
503 486 673 571 luas-uias
701 483 847 580 egreffis
871 483 1064 560 animabus
1095 482 1099 535 ἱ

140 589 417 670 lidemvhabere
430 588 609 678 velimus,
629 585 830 663 innullum
845 586 888 661 id
915 583 1066 661 dubium

140 691 310 773 revocari
329 689 456 789 potest.
506 690 577 767 Rei
607 690 751 767 ration
777 680 929 769 duobus
952 700 1065 767 extre
1099 662 1102 713 ¹

141 796 219 898 mis
252 790 447 870 contrariis
485 792 643 871 derivari
675 792 803 881 debet,
851 806 878 867 'a
911 790 1067 888 puritate
1095 762 1102 925 1

144 894 186 975 ot
213 895 442 993 excellentia,
465 895 606 987 lucis„,
623 914 708 991 quae
730 892 897 970 animam
918 891 1067 978 invadit,
1095 932 1102 981 ὗ

135 996 304 1093 scilicet,
323 995 363 1074 δι
387 997 435 1074 ab
465 994 679 1095 impuritate
704 994 872 1084 anmae,.
899 1014 992 1090 quae
1012 1015 1070 1092 pu·
1099 1000 1102 1015 '

143 1121 189 1179 ra
221 1097 294 1175 hac
314 1098 635 1195 luce‘inyaditur„
681 1099 794 1186 Lux,
828 1117 950 1193 quam
975 1097 1070 1173 Deus

141 1198 167 1291 ¹s
185 1198 344 1277 iritualls
371 1202 600 1299 purgationis
619 1215 784 1299 tempore
802 1198 948 1275 animae
958 1197 1072 1275 infun·

175 1302 224 1391 't‚
256 1323 372 1402 pura,
405 1301 590 1388 sublimis,
628 1327 674 1380 ac
702 1302 802 1397 clara
837 1298 914 1389 elit
954 1300 1107 1407 animap

147 1427 234 1481 eam
268 1403 451 1504 recipiens
480 1419 608 1482 autem
639 1404 769 1482 debilis
803 1402 937 1481 adhuc
952 1401 992 1480 &
1011 1404 1073 1477 im·
1104 1420 1109 1471 ·.

147 1503 327 1606 p'e'rfesta:
368 1507 406 1582 δι
439 1507 528 1583 hinc
567 1507 816 1584 lumen'adeo
842 1503 1003 1586 subiimc'
1038 1502 1072 1578 in

120 1606 123 1615 ’
149 1607 349 1704 subjeltum
373 1612 608 1708 proportione
646 1622 838 1707 tantopere
862 1607 1074 1684 destitutum

148 1711 318 1787 incidens
354 1734 421 1808 pro
449 1735 517 1800 eo,
548 1727 592 1788 ut
621 1710 791 1798 illustret,
827 1706 925 1785 illud
957 1706 1076 1785 oblcu·

35 1866 40 1897 ,ι
148 1824 220 1888 rat.
272 1808 336 1887 Ad
360 1813 494 1889 reitam
522 1813 634 1912 hujus
664 1806 953 1908 intelligentiam
976 1834 1001 1887 a
1028 1808 1078 1883 lu·

150 1913 389 1988 camateriali
410 1916 608 2011 paritatem
640 1913 883 2001 allumamus,
910 1906 1078 2009 &confi-

148 2014 341 2103 deremus,
371 2017 471 2111 quod
496 2016 521 2093 ss
545 2018 627 2092 haec
658 2016 720 2093 sua
746 2016 884 2113 copia„
904 2012 946 2092 δι
973 2013 1079 2115 splen·

149 2116 283 2193 dorum
315 2115 463 2194 suor'um
499 2119 700 2197 vivacitate
740 2116 953 2216 potentiam
992 2112 1079 2213 viius

149 2214 312 2317 superet,
342 2241 409 2317 pro
437 2235 512 2308 eon·
535 2235 579 2297 ut
606 2221 820 2305 illuminet,
854 2218 960 2294 hanc
985 2216 1080 2301 obfu·

148 2316 245 2412 scet;
274 2319 399 2395 imosr
428 2321 523 2401 ditia
552 2323 721 2420 potentia
750 2345 827 2399 non
854 2320 975 2421 modo
1009 2334 1081 2396 tan·

149 2433 202 2498 tae
226 2419 321 2511 lucis
354 2423 573 2521 neutiquam
613 2447 754 2523 capax,
788 2419 851 2525 led
885 2421 1105 2523 infirmita-r

150 2523 202 2600 tis
236 2523 431 2622 cujusdam
474 2524 585 2603 causa
620 2528 670 2602 ad
709 2520 792 2605 eam
831 2524 1080 2622 recipiendam

153 2625 269 2700 etiam
289 2626 416 2725 inepta
455 2624 570 2717 foret,
603 2653 679 2703 non
716 2624 831 2703 solum
877 2625 1079 2703 obfuscare·

153 2735 234 2813 tur,
255 2724 317 2801 sed
349 2725 474 2818 densis¹
507 2730 621 2805 etiam
654 2727 817 2804 tenebris
850 2726 1077 2805 obruerenu.

152 2824 218 2903 Sic
252 2831 478 2926 experientia
510 2856 578 2906 nos
611 2833 744 2925 docet,
777 2828 880 2924 quod
911 2831 1006 2907 dum
1030 2824 1081 2906 on

36 2939 41 2946 '
151 2928 278 3004 'tutum
302 2931 463 3007 nostrum
485 2932 525 3008 in
550 2932 634 3010 solis
673 2932 769 3009 facie
799 2927 1029 3026 deligimus,
1050 2953 1104 3003 ο·1

153 3028 229 3104 culi
261 3030 369 3127 nostri
407 3035 460 3109 ita
497 3035 819 3133 perstringantur,
855 3046 905 3108 ut
945 3033 1080 3110 nullon

150 3129 239 3207 dein
270 3131 370 3209 aliud
408 3135 589 3235 objeilum
625 3135 763 3213 intueri
784 3132 1012 3224 valeamus,
1031 3155 1080 3208 eo

88 3236 93 3243 ’
153 3234 253 3329 quod
279 3233 427 3348 pnpillae
467 3239 599 3316 nostrae
630 3241 680 3317 ad
715 3248 843 3317 tantos
880 3233 1104 3335 splendores·

150 3346 386 3439 proportrone
429 3357 597 3427 careant.
643 3341 688 3421 Si
713 3338 812 3439 'quis
842 3351 980 3417 autem
1006 3355 1079 3415 ocu*

900 3440 1105 3595 ,ἰοεῑΙ
