2220 3870
172 170 357 312 praedica
406 203 481 312 pro
532 165 733 272 diretiore.
881 203 969 299 503
1047 206 1051 211 ’

59 343 631 507 '46'.Mou1rquun1trum
644 345 787 421 Caveat
796 342 972 438 Direstos,

286 471 333 522 ne
370 471 411 523 rn
449 447 653 544 dirigendis
681 446 863 546 ejusmodi
887 448 969 525 ani·

59 547 174 625 oabus
200 545 364 637 lassetur,
394 551 541 644 eoquod
574 572 711 627 earum
718 549 968 647 purgationes

59 674 118 726 ron
146 648 270 725 minus
302 650 505 748 longaevae,
540 671 652 745 quam
692 649 853 726 molestae
896 649 966 729 elle

59 751 191 831 oleant.
239 751 424 847 Purgatio
445 752 577 829 Beatae
606 751 764 847 Angelae
799 754 846 828 de
880 753 967 831 Ful·

59 852 143 945 ginio
168 877 242 927 non
278 853 374 929 ultra
403 853 615 942 biennium,
641 851 681 930 dt
711 853 783 933 illa¹
805 852 852 928 B.
881 856 986 937 Ma.

59 957 106 1031 iae
141 954 377 1050 Magdalenae
406 956 452 1030 de
482 956 612 1032 Pazzis
648 979 723 1034 noo
740 954 837 1031 ultra
855 959 963 1050 quin.-

59 1056 243 1152 ‚uennium
278 1056 508 1154 perduravit:
534 1057 697 1133 aliarum
710 1076 799 1137 vero
826 1055 965 1141 santra

59 1181 121 1234 um
146 1155 380 1254 personarum
409 1158 647 1256 purgationes
679 1157 789 1257 longe
820 1158 964 1237 diutur-

59 1258 133 1335 iori
162 1271 329 1357 tempore
355 1261 592 1337 continuatas
618 1257 721 1337 fioffe
740 1258 886 1335 scimus
919 1259 963 1340 Ρ.

59 1360 205 1439 dichnel
229 1361 397 1437 Godinez
407 1361 441 1537 ἃ
460 1357 539 1437 Lib.
555 1387 591 1458 3.
617 1385 689 1459 cap.
721 1387 778 1441 rr.
805 1356 963 1458 )refert,

60 1481 138 1537 urae
167 1459 242 1537 suae
270 1463 406 1538 commi
432 1485 476 1538 as
508 1460 634 1539 vixiffe
663 1461 831 1550 animas,
872 1483 964 1559 quoq

59 1585 123 1641 um
150 1563 388 1660 purgationes
421 1564 519 1640 ultra
553 1589 611 1663 ¹4·
650 1586 708 1659 15.
740 1560 880 1642 imo&
914 1588 964 1644 3ο

59 1686 221 1741 unorum
253 1656 410 1762 spatium
426 1665 752 1763 protendebantur⁴
804 1663 881 1762 lpse
894 1689 964 1740 nm·

61 1763 289 1862 ipersonas,
318 1778 475 1861 quarum
503 1765 640 1863 aliquae
666 1766 883 1854 duodecim,
918 1788 961 1841 a·
999 1806 1004 1812 ·

59 1887 98 1943 re
123 1878 251 1945 autem
273 1868 530 1944 novemdecim
560 1867 670 1943 annis
698 1867 885 1945 continuis
920 1867 963 1945 in

60 1967 231 2063 urgatiuo
268 1968 341 2044 hoc
366 1967 462 2045 statu
489 1966 633 2045 affliuae
666 1967 827 2046 fuemnt.
878 1965 962 2044 Nec

59 2068 197 2145 ostrum
220 2068 274 2146 est
290 2071 332 2144 in
362 2068 548 2158 tantm&
563 2069 840 2158 diuturnitatis,
857 2065 896 2145 dr
908 2067 966 2147 di·

60 2168 217 2248 erfitatis
249 2171 432 2246 rationem
452 2170 637 2266 indigare:
665 2171 770 2247 Deus
786 2194 871 2247 eam
884 2171 965 2250 scit.

59 2271 151 2347 lobis
181 2270 311 2346 sufficit
336 2269 449 2359 scire·
482 2271 582 2365 quod
601 2269 677 2368 ipse
705 2272 832 2347 omnia
847 2270 965 2369 dispo·

60 2386 102 2451 at
134 2373 183 2448 ad
214 2370 394 2486 majorem
434 2370 713 2486 perfettionem,
747 2369 787 2448 dt
821 2372 966 2447 exalta

59 2496 175 2550 onem
203 2473 444 2559 animarum,-
461 2494 555 2568 quns
585 2471 769 2570 ejusmodi
787 2473 964 2565 remediis

59 2598 160 2657 more
191 2598 267 2650 non
283 2595 408 2651 minus
420 2595 532 2668 quam
558 2572 723 2653 molestia
747 2560 874 2671 plenis
896 2596 962 2650 ex

59 2677 156 2753 olere
180 2677 365 2773 dignatur.
414 2677 662 2764 Quamobrem
685 2673 851 2750 Direuor
881 2698 963 2750 ma·

59 2803 110 2855 na
148 2778 359 2856 obarmetur
396 2777 600 2854 constantia
629 2790 790 2893 oportet,
826 2800 873 2853 ne
892 2777 977 2857 ltus

59 2879 233 2957 iscemodi
261 2903 361 2959 curae
395 2878 455 2957 vel
481 2877 741 2968 diuturnitate,
766 2876 826 2955 vel
847 2873 963 2954 mole·

59 2983 101 3058 ia
128 2982 282 3058 taedium
315 2981 380 3059 sibi
404 2981 521 3058 creari
556 2981 730 3080 patiatur.
782 2979 865 3056 Hac
901 3002 961 3056 ra·

59 3084 137 3163 lone
166 3108 242 3158 non
266 3084 379 3159 modo
406 3106 568 3162 unacum
592 3080 777 3180 Discipulo
804 3082 852 3156 ad
878 3079 960 3178 glo-

59 3186 103 3260 iae
146 3185 364 3262 ambobus
353 3207 395 3260 m
425 3187 536 3263 beata
545 3184 676 3283 patria
709 3181 786 3282 jam
816 3203 961 3279 ρτεερειι,

182 3285 476 3362 consecutionem
513 3287 720 3386 pertinget,
745 3282 842 3358 sed
832 3303 872 3358 m
885 3282 959 3360 hac

59 3299 242 3478 lnmmm
279 3389 358 3471 vita
393 3387 523 3465 solatio
566 3387 830 3493 perfundetur,
864 3384 960 3465 dum

431 3487 528 3591 114
815 3506 905 3567 eum
