2100 3870
178 288 183 311 ,
269 226 376 289 verae
411 187 676 290 revelationis.
832 234 842 265 ι
873 201 964 303 265

57 384 116 440 ces
143 362 249 462 plus,
274 383 388 460 quam
413 384 540 438 earum
565 359 674 437 sonus
697 358 868 451 indicat,
902 384 970 461 ap·

56 464 282 564 prehendere
297 464 436 560 nequit.
465 465 515 539 Et
533 463 622 539 hinc
647 460 881 560 sarherefia
898 460 918 562 (
934 466 971 538 ire

55 569 124 641 vira
154 569 219 643 cit,
244 591 315 665 cop.
339 567 358 664 )
384 565 573 663 postquam
596 564 849 643 admirabilem
871 564 973 641 hunc

57 666 145 754 Dei,
172 668 264 745 dum
288 666 347 744 'r'es
373 669 537 745 occultas
561 667 720 756 revelat,
735 691 822 745 cum
844 664 972 747 anima

58 768 232 865 loquendi
255 771 408 846 modum
431 769 650 858 declaravit,
674 768 715 845 in
738 769 822 846 haec
856 768 972 847 verba·

59 872 265 951 concludit:
316 868 373 946 Ita
410 883 464 960 ut,
490 896 548 947 cur
571 871 708 946 ulterius
731 871 972 961 andecimum,

62 996 120 1047 oon
145 973 293 1049 videam:
315 971 454 1073 persona
477 975 560 1047 enim
580 972 726 1070 praiiica
750 996 816 1046 non
838 976 899 1071 nist
910 975 972 1049 mi·

65 1096 98 1147 ro
116 1074 214 1147 modo
241 1073 282 1163 θ
301 1100 363 1173 per
408 1075 572 1172 rodigium
596 1072 701 1171 decipi
721 1097 767 1172 po
791 1098 807 1147 e
831 1072 974 1167 videtur,

64 1176 116 1275 eii
136 1177 222 1253 daea
246 1200 344 1277 opera
359 1101 407 1276 ira
424 1175 528 1275 ipsam
550 1176 691 1275 decipere
715 1198 754 1250 ve
766 1176 805 1254 it.

66 1402 142 1475 230.
251 1378 397 1458 davum
421 1378 601 1459 indicium
626 1377 669 1455 fit
701 1376 845 1456 utilitas
852 1402 864 1472 ;
885 1379 975 1477 quia

300 1495 408 1582 prout
432 1482 595 1561 Alvarus
619 1505 642 1558 a
666 1478 795 1576 Paz(
829 1477 923 1567 Tam,
936 1508 1005 1579 3.·

70 1577 134 1659 Lib.
177 1604 215 1679 5.
247 1580 293 1658 P.
332 1609 369 1683 4.
415 1607 443 1663 c.
483 1607 518 1680 5.
555 1589 584 1685 )
620 1582 799 1682 sapienter
831 1583 974 1679 inquit,

59 1679 170 1783 scirem
197 1681 304 1757 Deum
313 1709 516 1781 nequaquem
527 1685 659 1762 inutilia
682 1683 874 1774 dicernaur
884 1710 974 1761 reve·

65 1781 139 1875 lore,
158 1783 284 1882 sedec,
309 1809 382 1881 qun
405 1800 499 1862 tanta
524 1781 880 1889 majestate,&pinate
889 1784 975 1885 freni

67 1886 170 1988 ἅμα.
225 1885 332 1963 Sicut
357 1890 457 1964 enim
481 1900 614 1988 potens
634 1889 837 1967 monarcha
861 1889 976 1967 ratio·

53 2000 143 2079 ‚inem
156 1989 284 2085 decori
296 1988 506 2066 nullatenus
520 1991 687 2078 servaret,
712 1986 883 2067 fisecum
899 2015 976 2070 non

63 2095 207 2171 nemine
233 2090 381 2166 suorum
404 2091 628 2169 subditorum
657 2091 851 2170 inutilibus
875 2093 976 2173 circa

63 2196 172 2285 tiles,
200 2217 248 2270 ac
272 2193 435 2292 plebeias
450 2216 511 2269 res
536 2193 900 2271 sermocinationibus
910 2196 977 2271 de·

63 2298 215 2391 tineret3
242 2293 292 2372 fic
316 2318 385 2370 nec
411 2295 575 2373 divinam
601 2297 709 2370 decet
748 2295 977 2391 magnitudi-

67 2422 169 2489 nem,
194 2397 245 2474 de
268 2396 480 2486 inutilibuS,
506 2396 546 2474 dr
571 2420 640 2473 nec
664 2397 848 2494 propriam
872 2395 978 2475 suam

65 2499 242 2598 gloriam,
277 2521 348 2573 nec
383 2498 633 2597 proximorum
664 2499 803 2574 bonum
829 2514 978 2574 concor«

63 2602 237 2681 rentibus
261 2600 371 2676 rebus
395 2623 482 2675 cum
508 2599 686 2676 creaturis
711 2597 785 2674 suis
802 2598 975 2695 colloqui.

62 2702 158 2783 ilinc
206 2700 249 2779 S.
285 2699 498 2778 Franciscus
532 2700 691 2778 Salefios
732 2698 761 2796 s
789 2696 877 2776 Lib.
937 2727 976 2781 2.

64 2804 168 2907 Epist.
203 2804 326 2903 23.)
359 2802 474 2891 eruit,
513 2804 612 2899 quod
643 2800 889 2879 revelationes'
913 2823 979 2902 pet

63 2906 309 3006 frequentiam
333 2900 500 3002 iuspetiae
521 2904 722 2981 reddantur
729 2926 741 2997 3
767 2902 808 2981 de
842 2903 862 2978 s
880 2906 981 2983 ecia·

65 3010 130 3087 tim
154 3006 184 3085 sr
211 3006 398 3097 versentur
418 3005 516 3082 circa
540 3028 600 3081 res
624 3027 756 3104 parurn
782 2928 978 3103 proicuas,

67 3125 127 3189 rut
151 3109 253 3187 circa
277 3130 361 3196 res,
387 3128 471 3204 quae
495 3106 650 3184 revelari
674 3131 750 3182 non
773 3106 899 3195 solent,
915 3131 981 3182 eo·

10 3258 24 3291 -.
68 3213 163 3309 qood
198 3188 328 3291 earuin
362 3209 496 3285 notitia
535 3233 612 3285 non
645 3209 845 3285 conducat:
870 3220 982 3306 prout

10 3326 33 3353 ·'
69 3310 184 3390 iorent
214 3313 259 3390 E.
285 3336 321 3408 g.
347 3310 543 3407 numquis
566 3309 606 3387 in
629 3309 749 3406 gratia
772 3306 817 3384 fit
848 3306 982 3384 confir·

35 3438 43 3459 ·
72 3429 212 3513 meme,
249 3426 317 3497 aut
341 3435 482 3599 quernR
492 3411 579 3618 qsuis
598 3408 799 3503 sorditatis
821 3409 982 3594 ετῖἂὲιιι
