2220 3870
10 122 13 134 y
58 205 61 213 '
100 189 162 317 78
240 177 315 277 Tr.
337 165 527 316 chpq
551 181 607 276 V:
638 174 737 272 Asia
760 181 908 272 monita

98 351 277 439 caelestia,
299 368 422 445 neque
448 348 584 436 santia,
617 346 678 423 sed
709 347 901 426 infernalia
925 343 1012 427 “esse

98 453 262 555 possunt:
285 451 339 529 'dc
376 450 467 528 talia
483 488 489 509 ·-
503 450 586 525 sunt
607 448 746 549 objesia
782 448 1013 527 horribilium

96 555 384 654 apparitionum,
409 552 614 649 inquibus·
632 552 768 627 animae
791 549 1012 649 desperatae,

98 677 183 754 quae
208 657 256 731 in·
271 655 472 731 inferorum
495 653 626 751 abyssis
652 664 878 748 torquentur,
904 652 939 728 se
957 654 1013 737 vi·

95 759 242 834 dendas
270 758 445 854 praebent.
511 756 635 856 Juxta·
656 757 752 831 hanc
770 755 1011 843 divisionem,

99 884 155 934 ex·
179 857 428 958 objeitdrum,
465 878 548 953 quae
572 878 670 933 verae
695 854 861 932 visionest
875 856 1010 933 habere

96 958 277 1080 possunt,
309 956 520 1035 diversitate
564 956 767 1034 desumtam
815 957 1010 1054 'singularia

93 1082 172 1163 pam
196 1084 262 1160 pro
286 1060 460 1137 direstore
485 1060 586 1136 circa-
604 1061 757 1149 modurn
782 1060 940 1139 animas
973 1059 1014 1135 in

96 1164 245 1261 singulis
271 1163 375 1239 hisce
400 1160 539 1239 casibus
564 1161 635 1239 tite
660 1162 842 1261 dirigendi
866 1162 1011 1239 monita

98 1263 369 1367 subjungemus,
399 1342 402 1347 ,

96 1465 1013 1667 ⁶⁶·M⁰stddsdddrsrddrd{323

96 1669 298 1747 diderimus
322 1669 419 1744 circa
445 1668 630 1773 visiones,
648 1670 687 1744 in
720 1670 851 1764 quibus
889 1666 1011 1766 perso·

93 1764 341 1848 nae'caelestes
363 1772 560 1869 apparent}
587 1770 752 1864 materiae
769 1768 1010 1846 nihildminus

94 1872 259 1950 arduitas
284 1871 417 1968 exigit,
443 1886 499 1947 ut
517 1871 598 1948 alia·
624 1872 794 1966 quaedam
807 1870 1011 1975 ,singularia

94 1974 158 2050 hic
189 1973 390 2053 addamus.
442 1973 607 2049 Primum
632 1971 695 2062 srt,
731 1973 829 2069 quod
855 1965 1009 2049 direttor

95 2075 309 2169 neutiquam
336 2096 499 2172 praeceps
524 2074 615 2163 effe,
653 2098 707 2150 ac.
723 2096 915 2173 corporeas
941 2087 1009 2152 aut

94 2171 341 2276 phantasticas
374 2175 528 2251 vifiones
554 2175 675 2252 statim
711 2198 784 2274 qua
808 2175 915 2262 falsas
941 2176 1009 2256 aut

96 2277 306 2355 diabolicae
320 2277 566 2352 condemnare
582 2278 808 2366 'debean-ea
835 2277 1010 2357 solumde

90 2378 227 2466 caussa,
266 2379 365 2472 quod
389 2377 540 2475 persona
566 2403 630 2455 eas
655 2380 835 2477 recipiens
862 2380 1004 2457 adhuc-

91 2480 183 2555 dum
209 2478 416 2577 imperseita
429 2533 444 2567 ,.
466 2478 505 2555 dt
528 2481 579 2555 ⁴in
613 2481 793 2557 virtutum
831 2482 1011 2559 exercitio

94 2580 225 2657 debilis
251 2578 507 2676 rit:s1quidem
532 2581 627 2659 tales
652 2583 784 2678 gratiae
809 2581 903 2682 saepe
919 2584 1009 2661 euni

91 2681 207 2780 ipsum
232 2681 273 2756 in
308 2679 420 2756 finem
446 2706 470 2758 a
497 2682 577 2758 Deo
600 2685 868 2773 conceduntur,
896 2698 940 2760 ut
965 2710 1008 2764 a·

92 2783 214 2870 nima,
239 2803 324 2878 quae
345 2784 504 2860 necdum
527 2782 683 2882 perfesta
708 2784 783 2873 est,
806 2808 934 2862 earum
964 2812 1007 2866 o·

93 2906 141 2983 pe
164 2885 213 2959 ad
237 2883 494 2983 persedionem
519 2887 721 2984 perveniat.
752 2886 914 2964 iuterea
939 2887 1009 2966 sci·

91 3007 131 3063 re
157 2998 335 3082 oportet,
385 2987 484 3081 quod
520 2986 674 3085 duplicis
700 2988 846 3087 generis
871 2989 1009 3070 dentur

89 3085 231 3184 gratiae.
282 3086 461 3177 Quaedam
487 3085 527 3164 iri
560 3087 714 3187 subjesto
737 3091 920 3186 exigunt,
959 3106 1007 3171 ut

62 3230 67 3239 ‚
90 3201 163 3264 aut
178 3188 444 3288 'perspitionem
463 3187 545 3287 <jam
570 3193 759 3286 attigerit,
785 3205 851 3269 aut
876 3195 924 3271 ab
958 3186 1006 3275 ea

90 3306 166 3367 non
190 3290 350 3365 multum·
369 3291 533 3388 'amplius
557 3292 674 3367 distet.
722 3294 831 3373 Tales
857 3293 940 3373 sunt
960 3318 1007 3376 ua

80 3390 359 3503 niamystina
375 3390 614 3491 Ecstatirr-dc
637 3408 772 3496 raptus
802 3394 1007 3497 praesertin

872 3522 957 3602 Ρθῐ·
