2220 3870
185 167 503 300 purgativarum
538 152 782 274 ariditarrm.
839 259 842 268 ,
902 177 1002 283 369ι

65 331 110 412 δι
135 329 322 430 speciatim
349 329 502 405 caelestis
526 330 849 428 contemplationis
868 333 994 409 conse·
1100 336 1103 343 “

67 432 446 529 cutionemimpediat
455 456 530 505 non
543 433 654 506 modo
666 432 824 521 adhaesro
838 435 886 510 ad
897 435 996 517 bona

26 608 29 613 .
65 549 235 622 terrena,
269 532 330 608 sed
365 531 404 613 δι
440 530 598 608 adhaefio
624 535 673 627 ad
698 535 796 610 dona
822 535 991 615 caelestia:
1027 568 1036 575 ·

65 637 133 716 hic
176 653 304 711 tamen
339 646 487 708 notetur
511 635 671 721 ¹verbum
696 632 855 730 adbufio:
882 635 992 733 siqui·

66 741 159 815 dem
186 739 283 811 dona
308 735 379 809 Dei
405 758 453 808 ex
479 732 622 832 seipsis
649 733 870 832 spiritualem
907 761 992 837 pro·

66 835 226 936 gressum
254 847 492 934 promovent:
519 833 558 912 dt
577 837 882 932 impedimentum
896 840 992 917 dun·
1089 880 1094 888 ·

67 954 178 1017 taxat
202 962 251 1013 ex
277 950 379 1035 parte
407 936 533 1024 solius,
561 959 644 1032 quta
686 936 825 1036 semper
860 941 992 1020 vitiosa

63 1041 146 1132 est,
171 1040 220 1116 ad
245 1038 426 1137 ejusmodi
451 1040 548 1113 dona
573 1036 789 1115 adhaesionis
814 1038 849 1114 se
872 1046 991 1136 tantu
1093 1130 1096 1135 ,

69 1164 158 1218 cum
184 1140 224 1215 in
249 1140 350 1214 omni
364 1139 569 1215 adhaefione
583 1142 687 1215 amor
700 1140 866 1237 proprius
883 1141 989 1223 suum

69 1241 250 1343 pabulum
276 1241 463 1329 inveniat,
490 1239 528 1316 dt
556 1241 704 1335 quidem
729 1242 769 1316 in
794 1242 900 1318 donis
915 1266 990 1320 cte·
1034 1244 1038 1251 “

67 1343 241 1431 testibus,
267 1354 398 1440 utpote
418 1340 491 1416 fine
517 1342 790 1439 comparatione
816 1340 991 1420 suaviori-

67 1449 164 1535 bus,
190 1444 304 1519 etiam
328 1441 460 1540 majus.
512 1439 746 1533 veronen,
772 1445 990 1538 quod-Deus
1085 1440 1089 1459 ”

66 1547 155 1626 haec
181 1544 429 1642 impertiatur,
455 1540 545 1633 ficut
571 1543 610 1620 dt
634 1545 731 1620 bona
760 1557 904 1621 terrena
947 1570 989 1621 e-

64 1647 247 1745 largitur:
274 1646 326 1722 ast
351 1669 396 1721 ea
421 1669 496 1719 non
521 1643 605 1719 ideo
624 1644 857 1744 impertitur,
883 1645 991 1725 utus,-

64 1749 207 1828 leiium
243 1747 403 1823 nostrum
437 1746 510 1820 illis
542 1747 826 1844 immergamus,
858 1745 920 1824 sed
945 1763 991 1827 ut

68 1853 204 1927 horum
229 1872 297 1946 ope
322 1872 409 1944 erga
433 1846 551 1946 ipsum
572 1846 783 1925 afficiamur.
838 1850 990 1928 Ethinc

71 1949 236 2042 isaias(
261 1974 331 2046 cop.
361 1965 419 2036 28.
446 1973 477 2022 v.
508 1975 541 2047 9.
568 1945 587 2047 )
613 1972 704 2044 quem
726 1947 849 2026 docebit
880 1950 990 2053 scien·
1017 1962 1022 1981 ⁸

70 2047 187 2130 tiam?
213 2048 254 2127 ss
279 2074 370 2145 quem
396 2050 570 2147 intelligere
586 2047 991 2153 fircietuutsiittmisquo

67 2151 353 2253 supernaturalis
379 2151 639 2248 contemplatio
663 2152 843 2230 formatur
873 2150 892 2252 )
929 2150 990 2228 ab·

66 2255 208 2333 sabiatos
232 2278 253 2328 a
279 2255 383 2340 solie,
434 2253 564 2350 acuistis
586 2249 629 2325 ab
653 2250 822 2343 uberibus,
845 2251 990 2331 flenithi«

10 2432 16 2459 ,
68 2357 165 2435 lium
192 2354 479 2431 consolationum
504 2352 650 2428 scilicet.
699 2353 750 2430 Et
773 2355 845 2430 hoc
867 2353 991 2452 ipsum

10 2472 17 2563 ζ
70 2458 142 2544 est,
170 2460 268 2552 quod
293 2480 358 2554 per
388 2454 579 2553 praedtuas
612 2454 803 2531 ariditates
837 2453 993 2535 molesto

10 2570 21 2667 ζ
68 2558 223 2659 quidem
245 2558 307 2635 sed
332 2557 470 2636 efficaci
494 2555 606 2633 modo
631 2556 828 2637 obtinetur.

10 2742 20 2795 ¹
69 2783 133 2866 47.
247 2760 395 2837 uartum
420 2755 633 2858 hujusmodi
656 2759 888 2849 additarum,
910 2760 989 2842 imo

10 2838 24 2895 ε
171 2928 175 2938 ,
285 2860 451 2936 omnium
482 2859 603 2939 sensus
628 2863 888 2960 purgationum
911 2863 990 2939 sru·
1018 2880 1022 2893 ·

10 2942 24 2995 ²
67 2962 333 3059 &compariter
357 2959 598 3059 superioribus
624 2964 806 3062 capitibus
827 2963 903 3062 jam
929 2977 989 3039 at·

10 3026 23 3137 l
62 3067 162 3164 ¹rigi,
187 3075 316 3162 utpote
343 3068 406 3155 qui
429 3062 586 3140 consistit
609 3064 649 3139 in
674 3063 892 3162 depressione
923 3087 991 3161 ap⁴

10 3146 25 3301 ξ
68 3168 215 3273 petitus
248 3161 434 3253 senfitivi,
468 3177 512 3240 ut
545 3189 618 3265 pax
652 3162 792 3263 spiritui
831 3166 878 3245 ad
903 3161 990 3241 suas

65 3267 406 3364 contemplationes
444 3267 537 3342 adeo
562 3265 764 3343 necessaria
795 3266 992 3361 ingenere-

10 3350 23 3507 ἶ
68 3384 147 3457 tur.
194 3367 259 3452 Aa
280 3365 549 3554 specrdattgngs
570 3364 993 3565 adamnatruagesguug
