2220 3870
157 143 246 246 562
272 84 458 234 iiVC
478 112 646 230 XVlll.
661 122 872 269 Qomodo
882 158 1070 271 purgant..

155 305 315 390 liuverit.
401 301 483 405 Jam
522 303 607 380 haec
637 299 762 383 omnia
793 300 955 402 perfetio
992 302 1082 383 obti-

154 419 291 485 nentur
323 412 545 503 perpurum
578 404 777 501 quoddam·
798 404 1084 505 contemplatio·

48 574 50 578 .
154 512 214 588 nis
241 511 393 597 lumen,
431 509 550 602 quod,
572 510 662 582 dum
678 505 845 583 animam
869 509 988 584 modo
1006 530 1085 608 pur·

151 611 281 709 gativo
300 608 485 708 pervadit,
511 607 730 686 memoriam
745 605 930 699 obfuscat,
954 609 997 688 ἃ
1018 611 1084 688 hat

154 715 299 790 ratione
311 737 342 786 a
364 709 437 786 suis
463 709 651 809 speciebus
684 709 834 799 avellit,
858 733 905 786 ac
932 710 1083 790 alienat.

154 815 264 892 Unde
296 812 382 888 dein
411 810 589 897 insolite,
616 811 664 888 de
694 811 828 908 quibus
861 810 974 909 supra
986 813 1085 890 dun

74 982 90 1012 χ
153 939 262 1003 mus,
282 914 487 992 obliviones
510 912 797 1013 proficiscuntur.
840 912 998 991 'Lumen
1016 917 1084 993 hot

152 1015 379 1096 intellestum
422 1013 622 1112 profundis*
662 1015 826 1091 tenebris
869 1014 1083 1116 absorptum

150 1142 280 1198 revera
310 1119 350 1193 in
374 1116 536 1195 naturali
559 1115 622 1192 suo
654 1115 794 1192 lumine
819 1114 1024 1209 obscurat,
1048 1118 1085 1197 dt

133 1223 192 1299 in
231 1219 416 1319 operando
448 1218 645 1309 retardat:
672 1217 712 1297 dr
735 1218 824 1294 hinc
849 1217 1083 1318 hujuscemo-

151 1325 192 1399 di
227 1318 389 1420 personae
410 1343 541 1418 parum
568 1332 745 1426 attentae,
770 1320 888 1398 acad
922 1325 1081 1399 trasim-

91 1516 94 1521 ,
151 1428 200 1501 da
221 1425 370 1520 negotia
396 1438 507 1517 atque
532 1423 793 1520 occupationes
818 1435 1001 1501 externas
1020 1447 1080 1524 pa·

49 1570 62 1616 r
145 1549 235 1604 rum
275 1540 374 1624 aptae
419 1523 539 1599 sunt:
575 1523 731 1622 impedit
758 1545 847 1599 eurn
879 1524 1004 1602 etiam
1040 1526 1077 1603 in

149 1627 424 1724 cognitionibus
451 1624 491 1700 su
516 1625 784 1703 ernaturalibus
803 1621 873 1720 (in
899 1623 1006 1703 sensu
1025 1626 1078 1704 su·

126 1730 274 1829 petius
302 1647 514 1826 declaratog
541 1725 580 1804 ὅ(
605 1727 694 1802 hinc
716 1726 755 1803 in
781 1724 854 1802 suis
881 1729 1080 1826 cogitatio·

147 1832 259 1906 nibus
283 1831 336 1905 ad
358 1830 481 1903 Deum
504 1852 549 1917 ac
576 1828 734 1904 caelestia
758 1827 956 1906 ‘elevandis
985 1828 1079 1915 mus

148 1943 227 2008 tam
262 1929 517 2007 difficultatem
548 1929 785 2028 persentiunt.
844 1927 1020 2011 Tandem
1041 1934 1078 2011 in

145 2032 263 2119 sicco,
286 2031 363 2108 imo
391 2033 430 2106 in
448 2032 661 2128 ingentibus
687 2028 947 2111 afflictionibus
975 2059 1078 2134 repo·

144 2135 203 2211 nit
238 2135 469 2209 voluntatem
498 2159 510 2206 .·
536 2131 575 2210 dt
612 2131 661 2208 src
688 2133 786 2211 hanc
815 2134 925 2211 exuit
959 2137 1076 2213 omni·⁴

142 2237 215 2314 bus
241 2228 324 2311 ‘suls
350 2231 564 2322 affetlibuS‚
598 2235 720 2312 etiam·
736 2233 1074 2333 supernaturalibus

142 2336 409 2438 (nontamen
445 2337 567 2431 quoad
594 2333 870 2436 substantiam.)
896 2339 941 2414 Si
974 2342 1071 2417 Deus

43 2442 49 2455 '
140 2441 229 2518 dein
251 2440 323 2516 hac
349 2438 531 2536 ligatura,
567 2451 658 2526 aut,
684 2452 729 2515 ut
753 2441 879 2537 aptius
915 2439 1069 2540 loquar,

139 2541 213 2618 hac
248 2541 498 2618 retardatione
535 2541 785 2639 potentiarum
834 2564 902 2615 eas
939 2544 1068 2644 imper·

136 2641 232 2718 seito
266 2642 339 2717 hoc
366 2642 430 2718 suo
471 2635 647 2741 operandi
680 2643 792 2717 modo
817 2641 1044 2740 exspoliatas
1056 2696 1067 2733 ‚

137 2741 177 2818 &
203 2758 346 2820 certum
369 2745 622 2843 importunum
654 2744 760 2844 juxta
790 2746 988 2842 proprium
1010 2769 1067 2844 ge·

135 2843 241 2919 nium
276 2847 412 2942 agendi
447 2845 628 2943 pruritum
666 2843 870 2944 depositum
910 2848 1097 2933 videatu-

132 2955 224 3022 tunc
254 2946 371 3044 replet
397 2971 462 3022 eas
495 2946 687 3044 'speciebus
722 2947 905 3035 mundis,
942 2947 1066 3049 cogni·

131 3045 297 3122 tionibus
330 3010 570 3155 sublimibus,
607 3049 646 3126 dc
671 3068 763 3146 puro
797 3070 954 3141 amore,
977 3068 1065 3148 quo-¹

131 3150 220 3241 cum
252 3146 278 3222 fi
311 3151 437 3226 anima
470 3151 581 3225 modo
608 3151 770 3246 quodam
811 3150 947 3228 divino
982 3174 1064 3257 opt·

127 3261 259 3339 retur,
282 3247 323 3329 in
357 3252 482 3331 Deum
506 3251 764 3332 transformari
785 3251 936 3356 incipit.
1052 3294 1058 3311 ·

701 3428 748 3453 .,
850 3410 1101 3563 ιω..
