2220 3870
101 158 216 263 naz
246 292 252 315 ,
301 142 359 244 Tr
386 74 559 281 temp.
575 124 696 240 XX
721 74 903 264 Moneta

130 339 220 413 204.
243 316 494 475 Mororum
512 314 750 430 Spepuounr,
787 311 992 429 Postquam
1000 310 1061 388 Di·

377 415 492 507 testor
525 414 739 513 discipulum
779 413 891 489 snum
924 438 966 490 m
998 415 1062 489 hoe

130 516 363 618 purgationis
406 518 599 592 clibanoa
635 517 711 591 Deo
749 514 956 612 repositum
1002 502 1089 617 ossei

132 621 369 712 cognoverit,
395 620 538 704 videat,
564 618 711 714 numia
736 618 910 714 patiendi
936 636 1062 694 amans
1084 660 1090 797 p

14 738 27 752 ·“
132 715 200 804 fu,
224 717 379 797 &cruci
405 719 512 806 huic,
539 717 841 815 ponderosrffimae
869 719 984 804 licet,
1013 719 1060 794 lu·

130 818 233 899 benti
261 822 387 899 animo
410 819 445 896 se
467 820 642 919 subjiciat.
696 820 737 895 Si
763 819 849 913 haec
873 821 1060 899 omniaiu
1086 812 1090 931 s

114 942 180 1021 ,eo
200 924 376 1020 reperiat,
404 922 615 999 nullatenus
642 918 899 1020 pertimescat,
921 921 1059 998 cum-iu

118 1017 197 1098 'sua
246 1025 464 1120 purgatione
499 1022 622 1109 securo
659 1023 751 1119 pede
793 1024 1057 1121 progrediatur.

43 1199 51 1210 ,
134 1124 453 1219 Quandoquidem
475 1126 712 1222 purgationes
738 1122 897 1224 spiritus,
930 1147 1059 1220 nequa·

134 1245 247 1319 quam
275 1242 352 1304 taur
380 1225 589 1326 periculosae
617 1225 722 1313 sunt,
747 1249 792 1301 ac
824 1228 1059 1323 purgationes

133 1325 276 1415 seusun,
296 1328 383 1406 iicet
407 1328 532 1405 anima
557 1329 596 1405 in
619 1325 784 1404 horribili
807 1330 1059 1409 tenebrarum,

23 1508 26 1517 ,
96 1497 113 1508 .,
135 1429 357 1525 dubiorum,
378 1431 580 1516 timorum,
614 1427 853 1507 affliiiionum
888 1427 932 1508 ἀ
953 1450 1058 1524 angus

135 1527 284 1612 stiarum
319 1530 533 1629 tempestate
567 1529 729 1608 versetur
764 1529 846 1607 :in
882 1531 974 1607 luce
1002 1529 1060 1604 “sua
1092 1598 1094 1605 .

135 1632 332 1734 purgativa
367 1635 466 1712 enim
494 1631 647 1711 solidum
678 1655 808 1709 omnes
837 1631 928 1708 suas
961 1620 1094 1709 adio-i

134 1757 205 1812 nes
232 1733 302 1810 rite
333 1733 527 1814 ordinandi
545 1735 763 1832 principium
778 1733 927 1830 semper
948 1733 1060 1808 secum
1091 1740 1096 1827 ².

135 1832 279 1923 habet,
303 1843 330 1909 a
351 1850 528 1934 quo'nou
549 1835 661 1913 modo
695 1836 741 1913 ab
767 1835 870 1910 omni
892 1837 1061 1936 inconve·
1097 1924 1100 1933 Ι

25 2014 28 2019 ,
114 1939 264 2020 “niente
298 1938 521 2025 custoditur,
545 1937 606 2017 sed
643 1960 779 2034 magna
809 1933 922 2019 fimus
951 1936 1062 2015 effica-
1097 1966 1100 1971 ·

135 2040 251 2122 citare
260 2035 309 2116 ad
319 2035 600 2118 sublimissimam
612 2063 656 2118 ac
667 2037 980 2138 praeclariffimam
991 2062 1062 2135 per·
1096 2034 1103 2127 s

135 2142 331 2224 festionem
368 2139 573 2220 deducitur.
654 2141 905 2218 Securitatem
944 2144 1063 2221 hanc.
1099 2134 1103 2221 i

121 2267 212 2344 rqua
248 2243 372 2322 anima
410 2245 555 2325 acerbae
579 2241 689 2340 hujus
715 2242 953 2338 purgationis
976 2261 1064 2322 tern-
1100 2254 1105 2343 Ι

97 2342 224 2446 ‚pore
257 2346 515 2442 progreditur,
546 2342 688 2424 santius
712 2343 874 2442 joannes
904 2372 927 2423 a
951 2349 1065 2425 cruce
1100 2358 1104 2395 ¹

131 2447 247 2544 longo
267 2445 430 2524 sermone
452 2446 490 2522 δι
516 2446 645 2536 multis
682 2444 803 2523 solidis
831 2450 1067 2542 argumentis

132 2547 498 2642 demontrannuae
527 2572 597 2626 nos
632 2547 793 2624 breviter
826 2547 879 2624 ad
930 2569 1064 2649 paucas

40 2717 42 2722 .
132 2649 316 2744 quasdam
349 2649 512 2726 rationes
544 2647 644 2746 quasi
667 2648 705 2723 in
724 2670 895 2744 pugnum
923 2669 1065 2728 contra·
1101 2700 1106 2717 .

130 2748 278 2828 hemus.
346 2749 461 2845 igitur
489 2751 614 2831 anima
660 2750 699 2825 in
733 2749 804 2829 hac
838 2748 1067 2851 'purgatione
1098 2720 1105 2831 s

128 2863 210 3029 ppo¹
230 2849 415 2951 tenebras,
435 2850 560 2928 secura
594 2849 743 2957 incedit.
810 2850 943 2930 Primo
977 2856 1066 2952 quia
1100 2868 1104 2897 ¹

167 2975 233 3031 eus
273 2953 396 3030 eidem
420 2977 443 3034 a
467 2956 586 3050 primo
607 2953 744 3030 'statim
777 2952 968 3053 principio
994 2980 1064 3032 non
1095 2978 1099 3045 r

105 3057 107 3060 ’
128 3054 243 3132 modo
275 3054 498 3151 ingentem,
522 3056 570 3133 de
605 3076 679 3150 quo
705 3052 838 3150 saepius
865 3055 989 3134 locuti
1013 3057 1064 3133 su·
1092 3082 1097 3171 p

126 3176 214 3230 mus
236 3212 246 3240 ,
268 3165 442 3234 ‘amorem
470 3157 757 3255 appretiativum
790 3153 986 3248 infundit,
1007 3156 1064 3232 sed

125 3252 167 3330 dr
200 3254 426 3359 fortissimam
460 3283 505 3336 ac
531 3255 811 3337 efficaciffinam
838 3258 875 3333 ei
900 3259 940 3334 in
967 3258 1063 3337 nulla

125 3352 193 3477 etti
227 3357 376 3457 modica
415 3383 458 3443 re
496 3358 710 3465 displicendi
731 3412 758 3457 ,¹
791 3356 838 3467 ,dp
875 3357 1072 3546 indiomni
