2220 3870
315 141 590 287 pruflitdpro
615 141 859 248 diredioreae·
961 160 1039 272 591

111 324 216 400 dem.
278 319 451 397 Secundo
476 316 546 394 etsi
561 317 700 395 multas
727 317 934 398 ¹exteriores
976 332 1050 401 aua·
1077 332 1080 341 “

114 426 299 503 steritates
325 447 401 498 non
431 422 676 520 superaddat,
699 420 813 497 haud⁴
829 424 961 521 parum
982 428 1043 504 tat

115 550 206 605 men
255 525 324 599 erit
349 520 430 613 ‚.s1
464 523 660 599 sanitatem
700 519 818 601 fervet
859 525 1059 622 integrant·

114 631 217 706 inter
248 624 441 702 interiores
475 623 621 722 spiritus
653 625 839 702 cruciatus
854 683 864 713 ,
880 636 1045 722 quorum

106 731 233 806 *etiam
269 749 400 824 corpus
446 725 549 802 haud
590 725 722 802 leviter
766 728 958 826 particeps·
990 727 1060 808 fit.

115 829 244 909 Tertio
283 829 371 923 quia
405 828 446 903 i'n
482 827 554 901 hoc
592 826 722 915 statu,
753 822 841 904 ubi‘
865 828 1045 915 acerbiori

116 933 229 1028 longe
272 929 398 1004 dolore
430 928 575 1026 spiritus
610 927 865 1026 transfigitur,
916 938 1048 1032 corpo&
1100 956 1104 963 ·

76 1034 171 1119 'ris
198 1030 410 1108 afflitliones
433 1046 567 1126 parum·
596 1027 810 1115 sentiuntur,
883 1032 1046 1122 Quidam

118 1135 262 1212 affliilis
301 1130 524 1229 hujusmodi
560 1128 723 1229 'perionis
766 1133 952 1225 suadent,
999 1142 1048 1213 ut

117 1235 272 1314 honesta
305 1235 466 1329 quadam
507 1235 734 1329 recreatione
759 1235 795 1310 se
828 1230 1050 1331 refocillent·¹

119 1335 320 1416 Consilium
354 1336 525 1428 equidem
568 1337 710 1411 bonurn
755 1335 885 1426 eit-,fi
918 1332 1048 1417 tamen

69 1448 71 1529 Q
120 1432 282 1537 opprelfi‘
306 1435 452 1533 spiritus
477 1435 667 1527 levamen,
701 1432 801 1533 quod
825 1439 1046 1529 intenditur,

69 1554 71 1559 ’
119 1540 344 1618 obtineatur.
409 1538 490 1632 Ego
516 1551 641 1612 autem
665 1537 835 1615 effectum
864 1540 965 1616 hunc
987 1560 1050 1639 ra?

119 1665 164 1720 to
201 1641 287 1714 inde
317 1638 496 1725 oriturum
533 1638 726 1728 existimo,
753 1642 839 1736 quia
875 1642 923 1718 ad
947 1640 1080 1740 spiris

118 1757 205 1821 turn
234 1740 451 1827 emolesta,
481 1738 541 1814 cui
565 1739 632 1814 lux
650 1742 844 1839 purgativa
867 1764 954 1820 eum
967 1764 1052 1821 ma*

120 1866 211 1942 gna
246 1865 331 1916 cum
366 1842 601 1916 vehementia
639 1843 849 1943 immersum
897 1856 1049 1931 tenet,

121 1941 247 2041 abylio
281 1943 484 2020 eruendum
507 1964 569 2020 res
598 1944 800 2021 exteriores
830 1947 1052 2045 neutiquam

118 2045 315 2125 sufficiunt.
449 2099 454 2105 -
643 2082 669 2145 Ι·
757 2102 777 2162 q
847 2052 850 2059 '

119 2275 211 2332 210.
228 2247 481 2409 Moturum
503 2248 687 2327 Sextum.
737 2248 849 2337 Dixi,
869 2247 968 2344 quod
984 2266 1052 2355 per

296 2430 299 2437 ,
346 2350 479 2424 harum
513 2349 657 2448 spiritus
695 2351 956 2446 purgationum
985 2350 1053 2424 de*

122 2448 270 2532 cursum
301 2448 426 2524 divina
463 2448 529 2523 lux
560 2452 781 2548 purgativo,
811 2450 982 2538 obscuro,
1006 2454 1054 2526 ad

119 2552 276 2635 molesto
287 2553 399 2625 modo
413 2548 580 2625 infestare
593 2552 812 2648 quandoque
830 2550 956 2640 ceffet,
971 2549 1054 2626 aui³

121 2674 300 2749 mamque
323 2653 370 2727 de
392 2649 586 2748 improviso
612 2651 856 2742 illuminanti,
881 2676 926 2728 ac
949 2640 1053 2729 suari

122 2757 239 2835 modo
264 2755 452 2851 pervadat.
506 2752 699 2850 Contingit
718 2754 810 2841 hoc,
835 2757 924 2830 du'm
944 2753 1056 2837 'Deua

81 2886 90 2909 ⁰
121 2860 168 2938 in
192 2854 312 2932 afflisti
337 2854 482 2953 spiritus
518 2852 678 2929 solamen
713 2854 961 2932 inanimem
988 2876 1056 2952 ρο·

122 2957 258 3038 tentiae
283 2955 482 3054 capacitati
508 2968 754 3054 attemperat,
779 2956 1055 3056 accommodati

123 3080 201 3157 que
222 3083 234 3132 .·
259 3070 437 3155 praeterea
473 3057 657 3146 infundit,
675 3132 677 3138 Α
695 3071 761 3134 aut
793 3059 832 3134 in
875 3056 1056 3132 memoria
1083 3127 1087 3134 .

123 3158 351 3242 intelletliva
375 3159 503 3235 saltem
527 3159 670 3234 excitat
682 3157 840 3257 speciem
856 3157 1059 3255 quamdam

123 3261 204 3342 suae
236 3261 453 3347 bonitatis,
494 3259 568 3336 suae
610 3262 877 3357 magnitudinis
914 3258 952 3335 dc
982 3256 1058 3335 iuae

124 3360 381 3448 amabilitatis.
417 3360 550 3442 ⁴Tunc
574 3362 700 3442 anima
731 3362 854 3454 lucem
886 3360 1001 3542 illan}
1014 3354 1063 3437 su

426 3508 433 3518 ‚
682 3480 686 3486 '
992 3481 1009 3538 t

82 3756 125 3799 Ὀ
