2100 3870
133 165 339 305 'pudica
367 195 441 307 pro
475 159 677 264 direHore.
840 199 931 290 299

63 340 95 414 5.
118 338 373 501 Morinum
413 341 621 427 Qumrum.
692 334 929 431 Notandum,

132 508 137 517 .
163 516 166 521 ,
235 442 335 536 quod
347 442 474 518 anima·
498 440 623 539 spiritu
648 439 855 538 prophetiae
867 444 933 518 do·

63 565 91 617 a
116 540 362 619 revelationes
397 544 443 618 de
469 546 578 618 rebus
604 540 677 618 sive
703 546 931 640 praeteritis,

63 640 361 739 epmsentibun
401 643 475 720 five
499 644 633 720 futuris
665 644 766 720 licite
793 656 819 723 a
850 646 932 722 Deo

63 760 140 821 tere
167 770 243 823 uon
262 745 363 844 poffit
400 744 520 846 (nisi,
550 745 644 822 forte
676 748 722 823 ab
752 746 830 848 ipso
854 748 935 823 Deo

98 847 140 921 id
165 847 339 945 peculiari
364 847 518 947 impulsu
537 847 795 946 incitaretur)
834 850 935 927 unde

87 948 253 1025 Diresto'r
289 949 470 1049 ejusmodi
510 950 708 1049 petitiones
740 976 811 1027 nec
840 974 936 1051 prae·

63 1073 158 1149 aere,
180 1074 250 1127 nec
274 1054 485 1151 permittere
510 1051 636 1149 potest.
689 1050 771 1129 Imo
795 1052 836 1131 S.
872 1054 935 1155 Jo-

63 1176 135 1227 nes
168 1176 194 1230 a
226 1176 334 1230 cruce
362 1155 434 1243 ait,
455 1178 530 1230 non
560 1154 672 1229 modo
703 1154 828 1242 illum,
870 1153 937 1250 qu'i

63 1255 128 1354 tius
161 1256 308 1353 generis
338 1257 555 1355 petitionem
587 1257 780 1354 proponit,
810 1253 873 1331 sed
895 1255 937 1333 δι

63 1382 126 1446 un,
159 1358 223 1455 qui
247 1359 404 1433 eandem
425 1358 605 1457 injungit,
628 1356 786 1434 venialis
808 1354 939 1433 saltem

63 1460 163 1543 iocati
183 1459 304 1536 reatui
340 1448 409 1535 effe
435 1458 660 1536 obnoxium:
684 1457 831 1551 eoquod
855 1470 939 1535 ten·

63 1561 113 1636 tio
138 1560 212 1636 Dei
237 1559 306 1637 effe
330 1562 513 1639 videatur.
565 1562 723 1637 Tentare
751 1559 873 1636 Deum
900 1582 942 1635 e-

63 1686 100 1739 m
126 1661 285 1769 dicitur,
315 1663 380 1759 qui
404 1664 475 1738 viis
499 1661 802 1739 extraordinariis
811 1661 943 1739 »qu

63 1766 186 1840 tinere
212 1765 362 1854 nititur,
380 1767 480 1860 quod
502 1763 684 1841 consuetis
709 1761 749 1841 δι
767 1780 941 1840 ‘commu-

63 1869 134 1963 hm
157 1865 231 1943 viis
269 1866 405 1943 habere
430 1867 558 1962 potest.
609 1868 691 1968 Jam
734 1888 821 1941 cum
864 1865 942 1941 Do-

64 1970 152 2045 inus
168 1968 272 2053 Deus
289 1989 353 2065 pro
371 1989 503 2046 norma
523 1967 726 2044 nostrarum
752 1967 942 2043 aitiooum

63 2070 177 2147 hfidia
212 2090 324 2165 quam
361 2065 651 2165 sufficientiffima
689 2067 944 2167 suppeditave-

63 2188 89 2261 t,
113 2170 243 2269 qualia
266 2168 347 2245 sunt
370 2170 499 2249 lumen
524 2170 713 2258 naturale,
746 2170 872 2246 lumen
899 2169 945 2245 fi·

63 2270 103 2363 al,
127 2271 247 2351 santii
266 2270 421 2361 Patres,
445 2272 642 2369 Theologi,
673 2272 713 2349 &
735 2270 866 2347 Patres
876 2270 947 2369 spi·

63 2376 205 2464 tuales,
241 2371 327 2450 sune
351 2373 614 2470 consequitur,
640 2372 738 2469 quod
764 2370 946 2467 talis,qui

63 2476 262 2576 potationes
286 2474 367 2550 suas
405 2476 600 2552 ordinandi
633 2475 786 2549 modum
807 2496 855 2548 ex
887 2494 948 2549 re·

63 2580 217 2656 elatione
247 2576 382 2651 discere
408 2576 542 2667 vellet,
568 2576 655 2652 illuc
681 2597 745 2672 per
769 2575 852 2651 vias
880 2598 947 2650 ex·

63 2678 291 2758 aordinarias
330 2678 538 2777 pertingere
571 2690 739 2776 cuperet,
777 2696 850 2771 quo
884 2699 951 2776 per

63 2778 425 2861 itam'subsrdiorum
464 2781 732 2857 ordinariorum
754 2778 855 2855 viam
865 2800 949 2876 per·

63 2890 159 2963 enire
181 2880 314 2982 posset,
336 2878 376 2958 &
403 2903 467 2980 per
487 2882 735 2979 consequens,
761 2880 861 2975 quod
875 2880 951 2955 De·

63 3000 269 3063 intentare
294 2982 417 3058 vellet.
465 2984 576 3082 Peius
600 2997 725 3059 autem
742 2980 866 3057 adhuc
892 2980 950 3056 fo·

63 3104 118 3178 at,
155 3086 267 3183 fiquis
302 3109 399 3160 vana
433 3083 640 3161 curiositate
678 3097 868 3182 permotus
893 3082 949 3159 rei

63 3191 228 3290 ojusdarn
264 3186 436 3263 notitiam
469 3211 518 3262 ex
548 3185 773 3264 revelatione
808 3204 952 3278 quaere·

63 3308 113 3382 et,
148 3304 217 3369 aut
241 3291 357 3386 quaeri
387 3301 541 3364 curaret.
591 3287 635 3364 ld
659 3287 760 3365 enim
784 3282 956 3360 certoso·

63 3408 91 3469 et
100 3391 239 3493 species
251 3392 426 3473 attentati
445 3390 492 3472 ab
507 3389 612 3477 omni
632 3389 741 3493 culpa
757 3384 868 3490 plane¹
893 3385 955 3467 iu«

63 3493 264 3583 xcusabilis.
817 3508 912 3595 251·
