2220 3870
126 161 186 263 58
279 145 363 248 'Ta
393 148 465 250 IV.
504 152 608 290 Cap.
633 135 944 255 415·an

124 338 202 397 non
246 316 290 397 lit
322 318 579 399 adhaesura:
574 318 717 399 multo
756 329 884 395 autem
924 313 1052 392 adhuc

125 421 257 498 minus
288 447 385 500 vana
432 422 593 520 quadam
632 418 901 537 complacentia
926 412 1051 515 capie-

53 582 58 596 .
127 532 207 616 tur;
241 521 418 621 homnem
462 524 652 611 omnibus,
690 523 746 598 uti
783 520 1052 638 ponimusso·

104 645 222 722 cytis
253 623 292 700 se
326 625 552 724 exspoliabit
604 625 733 722 Neque
765 624 880 705 etiam
917 618 1053 697 illusio·

90 792 93 797 .
125 725 236 802 nibus
271 726 343 803 erit
371 726 552 826 expnfita3
577 752 665 804 nam
690 727 779 803 iicet
808 727 956 800 dae'mon
1000 718 1051 806 ad

126 849 225 904 eam
248 827 505 927 decipiendam
536 829 631 906 sorte
665 826 700 904 se
737 828 900 924 ingerat,
930 825 1051 901 omni·

125 951 224 1028 gena
256 943 384 1007 tamen
415 931 481 1028 illa
506 930 768 1030 exspoliatione
800 941 931 1006 omnes
968 924 1048 1026 ejus

96 1019 425 1111 ‘machinationes
454 1034 577 1111 irritas
623 1034 793 1108 redderet
830 1054 875 1107 ac
916 1029 1047 1104 inanes

125 1129 207 1221 ita,
246 1147 296 1210 ut
333 1135 436 1210 omni
481 1135 737 1211 frustrarentur
771 1130 914 1208 eiseiiu
1001 1131 1051 1206 Et

124 1234 281 1320 tandem
300 1259 323 1312 a
340 1236 403 1313 via
427 1235 514 1313 fidei
535 1257 726 1332 nunquam
747 1231 952 1320 aberrabit,
963 1253 1049 1328 qum

127 1334 228 1415 resin
268 1338 317 1414 ad
350 1339 471 1415 Deum
504 1340 654 1415 tramite
687 1338 811 1424 ducit,
851 1334 892 1412 &
918 1333 992 1409 sola
1009 1359 1050 1411 a·

80 1525 84 1531 ,
126 1437 244 1514 morit
272 1439 431 1533 vinculo,
461 1465 530 1516 nos
568 1442 651 1517 ‘Deo
681 1439 906 1536 conjungere
919 1436 1051 1535 potest«

126 1537 192 1616 Sic
217 1541 344 1618 omnia
363 1543 605 1618 evitabuntur
624 1541 871 1627 detrimenta,
897 1554 982 1634 quae
998 1561 1048 1613 ex

125 1637 345 1730 visionibus,
374 1641 438 1718 nisr
474 1641 712 1720 convenienti
764 1641 875 1719 modo
918 1639 1051 1740 recipi·

126 1752 262 1832 antur,
294 1744 381 1821 oriri
412 1743 565 1845 possunt.

130 1961 192 2042 ⁵²
181 1941 845 2166 Hissqistshhhtj
813 1941 1051 2124 ibiibi

127 2165 257 2223 cruce:
297 2171 428 2224 verum
461 2151 541 2249 jam
571 2158 658 2226 ante
693 2149 815 2225 illum
828 2149 910 2233 haec
948 2172 973 2224 a
1008 2146 1049 2225 S.
1079 2178 1083 2188 ·

126 2245 167 2325 S.
208 2249 380 2326 Patribus
405 2251 478 2328 fuit
504 2252 662 2339 tradita,
692 2249 732 2327 tir
762 2239 840 2348 post
868 2249 974 2325 iilum
1001 2251 1068 2336 ab

124 2349 298 2426 omuibus
332 2351 431 2447 quast
464 2353 615 2451 majoris
641 2352 878 2429 authoritatis
914 2350 1050 2443 Doiio·

123 2449 228 2527 ribus
261 2449 425 2568 mysticis
454 2454 673 2552 praescripta.
723 2454 762 2530 S
788 2451 937 2550 Dionys
939 2450 1051 2528 usA

25 2643 29 2648 ,
126 2553 318 2663 reopagita
351 2554 425 2631 suo
466 2557 662 2659 Timotheo
705 2554 866 2650 suggerit
906 2551 1050 2629 confili-

126 2670 213 2737 um,
240 2648 284 2729 u't
306 2655 355 2730 ad
380 2657 557 2733 unionem
594 2679 680 2731 cum
710 2656 791 2730 Deo
826 2655 1049 2750 consequen

126 2753 234 2828 dam
227 2778 368 2831 omnes
402 2757 568 2834 sensuum
599 2758 860 2854 operationes,
886 2758 934 2831 ad
953 2777 1049 2851 quas

125 2851 229 2931 haud
261 2857 371 2934 dubie
400 2862 515 2938 etiam
551 2856 707 2934 visiones
728 2856 813 2959 (de
837 2856 1049 2952 quibushic

124 2951 250 3032 sermo
267 2957 319 3034 est
335 2956 408 3059 )p
372 2958 392 3034 s
410 2963 542 3050 estant,
571 2958 637 3035 des
633 2974 722 3036 erat.
766 2955 899 3076 (Mysi.
934 2955 1047 3036 111111.

186 3061 272 3158 ι)
326 2985 533 3152 Topanta,
574 3057 753 3147 1111111111,
787 3062 873 3135 circu
902 3063 1051 3162 mysticas

124 3160 261 3258 haſsones
295 3163 397 3257 phars
430 3174 541 3237 contm
543 3165 629 3238 tione
654 3150 771 3259 sensus
805 3159 967 3256 retiaque,
1007 3161 1049 3246 11

125 3262 225 3363 quod
260 3263 376 3339 etiam
416 3261 547 3444 saepius
596 3263 781 3341 incruente
820 3265 951 3364 pergit
1005 3263 1054 3367 S.

124 3360 355 3468 Augustinus
381 3364 597 3519 idipsum
624 3364 763 3446 dmuit.
789 3366 840 3467 (
857 3359 1046 3444 amurca

886 3468 998 3569 aa)
