2220 3870
142 155 230 253 304
298 125 368 229 Tr.
405 123 485 239 IV·¹
507 71 618 267 capi
636 115 783 223 XIX
798 50 986 224 ¹Manita

97 326 100 333 ·
137 302 221 383 loco
250 297 411 402 Wfim
434 293 547 399 oeceffe
577 320 642 372 ooo
667 299 726 399 est:
770 299 882 377 verba
905 298 1000 379 haec·
1018 324 1061 379 e·

138 407 219 487 nim
242 402 292 481 ad
315 400 430 480 aliurn
444 400 603 488 locum,
626 399 764 496 inquo
786 424 852 477 cas
890 405 1059 485 enarrari

138 517 308 607 oportet,
360 502 577 603 relationem
615 500 765 580 habent.
801 504 958 582 locus
993 506 1057 585 lric

138 608 217 712 jam
239 603 493 705 praesens'est:
520 600 571 681 'ad
593 603 715 701 operis
741 608 921 701 namque.
944 606 1059 709 huius

138 706 360 813 propositum
384 704 566 804 pertinet,
593 704 818 791 Dired’rorem
844 707 892 783 d'e
921 710 1055 799 rebus,

138 824 248 913 prout
273 809 313 885 in
337 806 373 883 se
391 805 475 907 ipsrs
499 805 603 896 sunt,
630 808 683 883 ita
708 807 924 900 instituere,
950 808 1056 889 utrib

139 902 323 991 errorrlrus
348 908 574 1005 caeteroquin
597 910 859 995 communibus'
874 911 1055 995 immunia

139 1014 325 1095 reddatur.
386 1010 495 1089 Prius
531 1023 658 1087 tamen
682 1010 860 1089 declarari
885 1029 1052 1112 oportet,

139 1114 386 1195 intentionem
422 1133 545 1189 meam
571 1110 787 1208 neutiquam
812 1137 857 1189 eo
892 1116 1058 1211 tendere,

139 1230 186 1297 nt
208 1217 382 1313 cuiquam
418 1211 673 1311 persuadeam,
698 1238 776 1290 non
799 1215 879 1291 dari
903 1218 1057 1295 menda·

140 1343 224 1409 ces,
248 1315 515 1403 simulatrices,
540 1312 580 1409 dr
605 1312 729 1391 illusas
750 1315 949 1407 faeminas,
973 1340 1058 1416 quae

189 1426 208 1497 'r
243 1418 413 1496 distortas
442 1415 621 1494 orationis
657 1417 739 1499 vias
779 1418 1056 1515 ingrediuntur:
1102 1492 1104 1519 ,

134 1534 137 1539 “
169 1546 242 1609 oc,
277 1517 418 1597 etiamst
442 1516 601 1607 vellem,
627 1518 750 1595 dicere
782 1544 857 1597 non
898 1520 1058 1620 possum:

144 1621 442 1723 quandoquidem
467 1641 531 1719 per
557 1618 768 1696 diutumam
781 1620 968 1719 apostolici
985 1622 1061 1713 ruci

140 1723 334 1802 ministerii
369 1720 640 1818 experientiam
679 1722 845 1799 nimum
880 1740 1012 1820 quanti
1025 1748 1063 1805 m

142 1826 318 1905 manibus
331 1823 446 1901 etiam
460 1820 626 1921 palpavi,
640 1838 791 1918 quantae
815 1822 885 1909 sut
898 1850 1063 1911 nonme·

142 1928 192 2007 do
215 1923 423 2014 illusiones,
446 1922 507 1999 sed
532 1922 571 2002 dt
595 1922 783 2013 sidiones,
807 1926 850 2013 in
874 1947 969 2025 quas
983 1955 1057 2008 uon
1081 1944 1085 1951 '

140 2027 254 2106 nullae
278 2049 406 2104 earum
431 2025 559 2102 misere
584 2027 839 2124 prolabuntur,
889 2034 972 2129 Ego
1007 2036 1061 2111 di·

140 2128 317 2227 restorem
354 2128 464 2205 unice
501 2152 525 2205 a
558 2128 690 2225 panico
716 2130 849 2233 timore,
881 2132 1059 2223 liberare,
1102 2144 1104 2233 l

140 2230 181 2310 dt
208 2255 255 2309 eo
290 2230 463 2307 inducere
499 2228 675 2321 intendo,
701 2228 968 2319 utmulierusn
995 2236 1060 2336 spi·
1100 2248 1104 2281 ¹

139 2334 254 2415 titum
279 2357 327 2409 cx
349 2306 555 2409 rationibus
597 2330 841 2411 fundamento
876 2336 1060 2417 destituto

138 2438 387 2515 ¹condemnare
411 2452 601 2530 nunquam
625 2431 832 2532 praesumat.
927 2478 933 2485 -

141 2641 229 2719 aba.
245 2635 400 2799 Prima
434 2634 561 2732 itaque
598 2637 712 2729 ratio,
738 2638 786 2717 ob
811 2660 925 2736 quam
956 2641 1062 2725 Deus

142 2796 149 2807 .
343 2738 651 2815 extraordinarias
676 2740 749 2831 has¹
771 2745 912 2837 gratIas
937 2742 1060 2827 faemi-

139 2838 202 2918 uia
225 2840 374 2939 potius,
400 2862 513 2936 quam
537 2840 627 2916 viris
655 2845 927 2935 communicat,
951 2846 1061 2926 sexus

139 2941 330 3021 muliebris
354 2941 527 3019 debilitas
551 2939 620 3018 esse
655 2944 782 3041 potest.
834 2942 918 3025 Viri
949 2953 1059 3029 ratio·

139 3043 263 3139 pinio,
297 3044 434 3120 mentis
458 3042 736 3143 penetratione,
764 3045 935 3143 scientia,
960 3048 1061 3131 sorti·
1102 3138 1104 3143 ,

137 3145 290 3233 tudine,
317 3141 356 3221 dt
381 3145 542 3223 naturali
568 3145 771 3225 constantia
795 3150 938 3251 pollent
950 3178 961 3249 ς
974 3176 1061 3251 qua·

131 3266 223 3325 tum
248 3267 338 3345 ope,
363 3244 565 3326 dummodo
590 3248 788 3328 ordinariis
813 3256 951 3351 gratiae
986 3255 1065 3333 sub·

40 3372 46 3378 ·
79 3386 83 3391 ·
137 3346 239 3431 sidlis
264 3345 508 3449 adjuvemur,
524 3348 773 3435 difficultates
797 3357 1058 3476 complanant,
