2220 3870
145 156 314 303 spiritus
329 240 332 244 -
347 171 405 266 iu
435 156 669 308 demoniaco
704 151 915 291 obfidioue.'.
958 182 1047 279 455,

110 334 258 411 tionum
282 331 427 414 suarum
452 340 617 432 tempore
644 343 750 408 tantu
776 326 968 406 ferocitate
994 323 1045 403 se·

109 434 337 535 percusserit,
362 449 405 512 ut
430 434 512 513 totu
535 435 670 522 livida,
693 429 844 510 contusa
857 452 901 506 ac
920 427 1034 502 tumi·

109 539 161 615 da
186 538 406 635 apparuerit.
457 537 517 613 En
540 535 614 637 ipsu
632 536 800 636 eiusdem
816 529 946 607 verba':
964 540 1035 602 taor

107 637 279 736 intensus,
311 634 535 732 horribilisque
559 640 594 712 iu
627 662 676 710 me
711 634 806 711 doior
829 631 955 727 irruit,
995 638 1049 704 ut

104 742 332 840 eomes‘quost
351 735 499 814 dentibus
514 738 680 826 diiouiem,'
702 741 737 813 iu
749 747 860 813 tortos
883 730 1052 829 ogorsu·

106 842 199 929 rios,
224 853 262 915 ut
286 853 384 917 extro
408 866 458 914 me
480 844 555 938 rapi
581 866 630 914 me
656 839 804 922 oideom,
831 832 873 912 fi
904 829 1033 928 iociteu-

105 965 237 1040 morum
259 940 389 1017 imbrem
410 963 482 1039 peu
491 939 709 1039 desperatione
713 936 925 1037 profundam.
978 930 1035 1007 A·

105 1041 173 1119 iios
196 1047 332 1118 omentis
356 1046 455 1144 influe
471 1066 537 1122 uou
561 1045 622 1144 nist
646 1041 868 1139 imprudenter
883 1059 934 1111 ure
954 1056 1033 1133 per·
1065 1098 1074 1105 .

105 1155 214 1218 eutere
244 1146 360 1242 potui,
391 1158 489 1239 atque
524 1142 696 1240 aliquoties
726 1152 861 1242 propter
885 1136 1033 1233 iugentia

102 1240 239 1320 uerbera
265 1244 306 1322 ft
320 1246 526 1346 pereuffloues
547 1254 618 1322 tora
642 1247 783 1322 iutumui
804 1235 1032 1340 profertimin

103 1346 301 1442 corpore<
325 1349 361 1421 iu
385 1351 456 1421 uita
481 1372 552 1445 cop.
571 1348 672 1445 ⁴2.)
720 1345 764 1421 ln
781 1344 861 1421 vitu
884 1339 923 1416 S.
949 1337 1033 1413 Ma·

103 1445 175 1524 riae
205 1447 438 1544 Magdalenae
471 1448 518 1523 de
556 1449 685 1525 Pazzis
722 1446 903 1544 legimus,
928 1437 1030 1534 quod

102 1548 312 1644 quondum,
338 1571 425 1624 cum
451 1549 492 1625 in
512 1548 602 1626 lacu
617 1548 768 1629 leonum
791 1544 898 1631 esset,
913 1539 1029 1615 inter·

101 1647 166 1724 nis
189 1647 296 1726 feriis
322 1663 489 1749 correpta
524 1651 636 1727 choro
666 1647 877 1738 excesserit,
915 1638 1027 1716 celeri

101 1747 209 1824 cursu
234 1750 433 1828 triclinium
458 1751 627 1851 petierit,
650 1749 774 1849 ibique
787 1752 836 1829 ad
853 1738 1025 1846 vitamst·

99 1850 141 1928 bi
163 1849 401 1929 auferendam
419 1855 578 1935 cultrum
603 1854 808 1953 arripuerit.
834 1849 1031 1928 Aliotem·

98 1973 202 2050 pore-
222 1975 247 2028 a
276 1952 456 2051 superiore
481 1953 544 2032 sua
576 1954 684 2052 ligari
713 1956 754 2031 in
779 1953 872 2031 celle
892 1943 1027 2051 petiit·

99 2053 248 2148 eoquod
274 2054 559 2154 pertimesceret,
586 2080 635 2132 ne
664 2056 829 2134 violento
859 2051 1026 2145 despera·

97 2153 245 2232 tionum
256 2152 400 2252 suarum
425 2157 566 2255 impetu
589 2170 778 2256 praeventa
797 2154 868 2233 sese
881 2157 920 2232 in
929 2168 1025 2246 ΡΜ·

95 2277 187 2352 oeps
213 2257 329 2334 duret.
379 2259 436 2334 De
462 2257 546 2335 asiis
571 2259 732 2358 personis
758 2258 851 2344 seio,
876 2248 1026 2352 quodin

96 2356 167 2434 tali
193 2357 288 2434 statu
314 2358 550 2447 constitutae,·
569 2376 613 2435 ut
642 2359 677 2434 se
704 2359 788 2435 neci
812 2359 1023 2436 traderent.

78 2458 238 2551 ‚cultros
274 2460 416 2557 gutturi
443 2457 713 2558 .apposuerint‚
736 2461 801 2549 ,ad
831 2482 886 2534 osv
901 2446 1011 2557 putei

95 2572 164 2639 utut
192 2561 232 2637 in
260 2561 334 2638 loci
361 2560 562 2661 praecipitis
571 2559 756 2659 fastigium
781 2546 1039 2650 cucurrerint?¹

96 2761 1022 2965 Nm

90 2960 292 3041 excessibus
330 2967 491 3064 graviter
522 2979 698 3067 peccent3
714 2989 830 3058 eum,
864 2981 909 3045 ut
944 2974 1020 3054 Lo·
1090 2948 1092 2952 .

89 3087 161 3164 pez
185 3066 354 3163 Ezquera
377 3066 406 3160 (
427 3065 512 3145 Luc.
538 3071 627 3170 must.
659 3063 828 3146 Trauxo.
854 3094 927 3168 cap.
940 3079 1018 3176 3.)

87 3166 185 3244 bene
213 3181 342 3256 notat,
367 3167 457 3246 talia
481 3181 668 3249 attentatu
691 3167 934 3251 autviolenta
948 3191 1056 3257 aute

85 3265 164 3344 fine
187 3268 450 3346 deliberatione
479 3269 550 3349 sint
579 3270 694 3372 postte
701 3294 713 3369 3
739 3272 884 3368 eoquod
916 3266 1019 3356 ratio

86 3366 304 3464 uehementi
321 3369 660 3568 pusionirsfimpetu
681 3371 1017 3561 praeveoiutprohtb
