2220 3870
134 168 218 258 530
290 133 358 236 Tr·
372 194 377 207 ·
393 130 444 234 V·
483 134 587 264 cap.
617 132 748 233 XVI.
785 90 994 240 Remedia

133 311 343 394 sationem,
368 329 413 381 ac
434 301 560 378 sumilia
589 301 626 376 se
649 305 875 401 extendant,
899 308 1006 402 sane,
1023 326 1064 394 ut

134 437 246 493 nemo
277 434 351 486 non
377 407 497 497 videt,
523 401 674 481 effestus
686 406 781 483 adeo
795 406 976 505 ingentes
989 417 1065 517 gig·
1100 426 1106 503 l

88 574 90 578 -
135 526 224 592 n'ere
250 523 449 609 nequeunt
500 504 589 584 Alia
614 506 784 605 affligens
811 510 1065 597 interiuncau·
1103 552 1106 611 l

134 618 173 694 sa
197 626 375 715 praeterea
390 610 442 687 est
465 607 670 695 necessaria,
684 632 757 705 qua
771 620 853 689 t'ota
868 638 1065 719 compens·
1103 638 1106 733 ι

135 731 265 807 tretun
291 716 424 793 intime
448 709 1064 810 transfigatunactotarenouetlu.

138 925 224 1021 1⁶4·
238 916 386 1083 Dico
420 916 547 1014 itaque
573 912 751 1008 secundo,
777 921 901 1016 quod,
931 922 961 1002 su
987 946 1064 1026 pur·

141 1050 145 1057 ·
223 1010 228 1023 ’
348 1019 451 1117 gatio
476 1019 622 1118 spiritus
647 1021 696 1096 ad
714 1020 912 1119 mysticam
926 1051 975 1103 ac
990 1050 1064 1129 per·
1102 1034 1106 1121 l

133 1121 276 1201 sestam¹
292 1121 430 1197 amoris
455 1121 631 1197 unionem
659 1122 874 1214 ordinetur,
904 1128 1063 1207 alterum

133 1224 241 1302 uiuae
266 1222 496 1320 purgationis
517 1222 723 1299 remedium
744 1224 918 1305 consistat
939 1230 1065 1310 insub-

133 1323 314 1402 limislima
351 1324 511 1420 quadam
537 1323 642 1415 luce,
675 1344 761 1421 quae
794 1326 969 1408 animam
993 1354 1065 1432 pae·

132 1427 233 1515 nali,
260 1448 304 1501 ac
327 1423 486 1501 terrifico
511 1425 624 1500 modo
645 1425 700 1502 ita
724 1427 899 1519 invadit,
924 1446 971 1511 ut
979 1454 1061 1511 eam

131 1528 176 1605 in
215 1529 392 1602 extremis
428 1525 714 1617 afflislionibus,
746 1551 792 1605 ac
823 1529 1061 1613 interioribus

131 1629 265 1707 mortis
290 1627 473 1728 suppliciis
498 1641 663 1727 reponat.
729 1629 874 1706 Paucis·
892 1633 958 1711 his
989 1658 1065 1714 uer·

132 1731 192 1810 bis
216 1742 297 1805 tota
321 1751 470 1818 eorum,
496 1750 583 1825 quae
607 1729 785 1827 proximis
811 1734 1004 1831 capitibus
1014 1739 1065 1815 di·

132 1832 252 1909 cenda
286 1829 462 1919 veniunt,
489 1829 686 1931 substantia
718 1834 954 1917 continetur:
981 1862 1065 1938 qua·

92 1972 95 1977 ·
131 1944 281 2034 propter
314 1931 416 2008 lento
445 1933 587 2028 gradu,
625 1932 923 2032 &pedetentim
947 1941 1064 2040 ingre·

25 2050 28 2061 ·
159 2034 329 2122 endum,
360 2045 405 2109 ut
437 2034 563 2110 omnia
595 2033 757 2111 distinsle
787 2036 1061 2140 intelligantur.

151 2161 177 2211 n
210 2134 369 2234 praesens
404 2135 487 2210 haec
526 2135 652 2211 omnia
685 2137 854 2213 terminis
883 2147 1062 2239 generali·

130 2239 201 2319 bus
226 2237 512 2314 declarabimus:
539 2232 774 2331 sequentibus
795 2242 990 2338 capitibus
1002 2270 1061 2324 au·

128 2350 208 2416 tem
232 2364 281 2418 ea
310 2339 526 2414 minutatim
561 2361 605 2413 ac
640 2339 897 2418 descendendo
924 2349 977 2425 ad
998 2348 1060 2426 sm·
1105 2387 1106 2396 ι

128 2441 273 2538 gularia
298 2440 547 2517 discutiemus.
574 2437 613 2514 S.
638 2439 798 2537 loannes
827 2467 851 2519 a
873 2447 1059 2527 Crucedi·
1087 2486 1106 2560 -1

125 2542 203 2630 cit,
230 2543 328 2638 quod
344 2597 354 2630 ,
373 2558 467 2618 'cum
493 2540 595 2614 Deus
619 2543 808 2628 unimam,
835 2558 883 2623 ut
908 2552 961 2627 ad
984 2574 1060 2652 my·
1086 2591 1106 2639 n

126 2640 255 2718 sticum
279 2640 616 2721 transformationis
649 2644 829 2721 unionem
868 2648 1058 2743 elevetur.
1102 2689 1106 2763 1

123 2740 166 2819 in
192 2746 411 2841 purgatione
439 2742 584 2841 spiritus
608 2745 772 2842 reponit,
794 2745 904 2826 illam
950 2755 1059 2854 ipsam
1102 2794 1106 2842 ι

117 2842 243 2921 valtam
271 2867 316 2920 ac
342 2845 530 2921 sublimem
556 2844 645 2920 huic
670 2849 1058 2945 contemplationislu·
1102 2896 1106 2944 ι

123 2965 208 3019 cem
233 2945 422 3035 infundat,
442 2946 483 3024 vi
508 2944 614 3044 cujus
639 2950 801 3041 tandem,
816 2954 987 3047 persesta
1024 2982 1058 3035 a·
1084 2986 1106 3047 ·l

120 3046 238 3122 moris
263 3047 400 3125 unione
421 3045 543 3123 secum
556 3045 909 3146 con‘ungidebebit.
923 3056 1056 3156 (Nou
1101 3090 1106 3148 ι

118 3142 202 3242 absc.
230 3143 277 3226 L.
304 3174 339 3225 2.
365 3172 436 3246 cap.
463 3171 518 3224 10.
633 3153 824 3246 tinprimis
851 3156 956 3254 (ait
983 3160 1056 3238 san·
1081 3175 1106 3269 i1

119 3244 254 3346 stus)
283 3250 460 3346 intelligere
480 3154 665 3349 poliemus,
686 3275 754 3349 quo
786 3258 921 3334 ratione
952 3265 1053 3337 eadm
1082 3282 1106 3347 ἰ

117 3342 203 3440 sax,
237 3347 471 3452 firpseata'uque
505 3348 675 3455 amorosa,
712 3374 788 3458 qua
818 3362 947 3441 animo
954 3359 1052 3543 ff
1101 3400 1106 3449 l

1073 3718 1080 3786 l
