2220 3870
156 194 253 256 num
302 189 335 256 rt
368 164 410 293 r'u
442 155 761 287 ¹revelationibus
808 183 905 275 (rr.
943 199 1037 294 279

118 328 263 408 senium
275 317 410 411 habere
422 356 434 426 ;
461 331 500 413 dr
525 314 611 414 hinc
633 346 780 434 agente
804 335 866 417 iila
893 307 1043 436 injuriis¹

119 432 219 519 affici
252 433 395 521 timuit,
421 433 447 510 si
479 434 582 514 suam
617 437 889 542 praedistionem
905 436 1037 521 effenu

115 556 244 613 carere
268 536 526 637 conspicerent.

116 762 206 837 241.
307 739 388 820 liud
413 741 501 820 huic
531 741 632 820 haud
648 740 808 819 absimile
821 743 1032 843 exemplum

331 845 371 921 in
414 844 505 924 isaia
548 844 724 944 propheta
756 844 783 939 ζ
808 869 879 941 cop.
915 862 975 934 28.
999 850 1038 945 )'

110 935 285 1035 legimus.
338 943 520 1045 Propheta
548 947 610 1022 hic
634 949 683 1023 ad
707 957 887 1042 aegrotum
902 970 1030 1043 regem

112 1041 315 1119 Ezechiam
354 1046 492 1137 invisit,
517 1049 624 1144 eique
659 1048 729 1122 Dei
748 1049 903 1148 nomine,
921 1047 1029 1125 fune·

109 1141 209 1220 stum
239 1149 370 1227 mortis
403 1149 575 1227 nuntium
608 1161 788 1247 apportat.
840 1146 922 1223 Hoc
945 1151 1028 1226 dicit

109 1242 302 1324 Dominus:
356 1249 490 1348 uiſjoonc
528 1250 640 1326 domui
673 1263 763 1338 run,
796 1251 875 1345 quio
910 1255 1027 1326 morie·

108 1351 159 1424 ris
188 1360 248 1437 tu,
279 1348 321 1428 ἔθ’
360 1376 425 1428 non
473 1355 571 1428 uiues.
624 1352 799 1430 Divinum
823 1349 895 1428 hoc
927 1351 1026 1429 circa

106 1449 283 1531 Ezechiae
327 1454 445 1531 vitam
477 1457 666 1532 decretum
689 1453 883 1529 videbatur
922 1450 1027 1532 abso«

103 1549 250 1647 iutum;
286 1552 327 1632 dr
369 1569 495 1633 tamen
536 1557 576 1632 in
615 1566 740 1633 mente
781 1553 853 1631 Dei
896 1551 1024 1628 condi·

102 1654 247 1731 tionem
292 1653 356 1733 srbi
378 1681 578 1746 annexam,
600 1656 753 1743 habuit,
799 1654 898 1753 quod
917 1675 1025 1759 nem<

104 1778 152 1854 pe
179 1757 382 1850 moriturus
424 1757 528 1849 effer,
562 1758 627 1836 nisi
652 1756 879 1836 ferventibus
905 1754 1023 1854 preci·

102 1857 176 1936 bus
222 1859 491 1938 diuturniorem
517 1861 634 1939 vitam
660 1884 684 1936 a
708 1860 787 1934 Deo
819 1857 1017 1956 impetrare

100 1973 321 2050 conaretur,
360 1976 468 2060 prout
505 1962 561 2039 rei
588 1961 712 2037 exitus
741 1959 839 2037 clare
865 1961 1020 2036 demon·

97 2058 236 2138 stravit.
288 2062 386 2141 Nam
412 2062 518 2140 miser
541 2063 624 2141 Rex
649 2063 779 2140 mortis
800 2058 1019 2137 sententiam

97 2160 295 2239 inaudiens
334 2167 383 2242 ad
416 2166 538 2242 Deum
572 2159 836 2246 reconvenit,
869 2160 908 2239 dr
953 2183 1018 2237 co·
1091 2224 1096 2235 ,

96 2260 217 2362 pinsas
248 2264 346 2341 inter
378 2263 613 2365 lachrymas,
658 2263 851 2343 sanitatem
886 2262 934 2339 ab
968 2281 1016 2336 eo

96 2362 327 2461 efflagitavit
376 2368 473 2444 Cum
498 2367 600 2446 Deus
635 2388 724 2443 mox
747 2384 813 2462 per
853 2360 1015 2440 eundem

95 2467 317 2564 prophetam
350 2467 405 2545 illi
439 2468 513 2544 dici
541 2464 657 2570 juffit:
708 2463 840 2546 Audiui
888 2461 1038 2553 oratio-¹

93 2591 166 2643 nem
206 2579 315 2655 tuom,
346 2566 388 2644 &
423 2571 494 2644 vidi
537 2565 711 2644 lachrimas
749 2577 842 2644 tuos:
868 2558 1013 2651 recund-

90 2670 204 2765 {iciam
242 2667 345 2765 suuper
375 2668 444 2745 dies
467 2682 541 2744 tuos
560 2669 738 2767 quindecim
758 2689 872 2743 annos.
930 2662 1012 2742 Nec

91 2768 183 2847 hinc
210 2767 405 2868 suspicetur
430 2770 582 2861 Lestor,
607 2771 647 2848 in
661 2767 843 2873 ejusmodi
856 2762 1009 2856 caribus,

91 2870 132 2946 in
166 2872 301 2968 quibus
333 2872 460 2949 divina
505 2872 681 2954 revelatio
721 2869 842 2966 quoad
867 2864 1008 2945 sensum

91 2987 332 3070 apparentem
389 2970 558 3051 effetum
592 2997 668 3049 non
700 2968 947 3066 ensequitur,
982 2991 1009 3048 a

89 3072 173 3152 Deo
213 3073 276 3152 sua
309 3074 459 3152 decreta
495 2997 766 3254 quodammtfio
806 3070 1006 3150 immutari.

88 3172 291 3252 Decretum
317 3175 484 3255 divinum
516 3174 656 3273 semper
690 3172 704 3248 i
752 3198 789 3251 m
813 3173 894 3250 este
920 3192 1008 3249 cum

86 3300 177 3355 vero
202 3277 243 3353 in
268 3292 393 3355 mente
418 3277 711 3355 conditionatum
735 3273 796 3365 sit,
821 3268 1008 3364 consequi-

84 3389 169 3469 tur,
202 3380 303 3481 quod
339 3378 450 3470 illud,
485 3375 752 3562 fissecuodum
785 3373 898 3457 uerba
923 3391 1006 3548 seu·

574 3504 603 3578 4
858 3493 955 3577 pre·
