2220 3870
167 164 395 308 purgativa
415 157 651 302 spirirurin
669 172 860 305 genere.
935 198 1020 293 529

78 338 131 417 lis
157 339 286 417 infulae
312 338 449 435 qnietis
475 338 595 414 oratio
618 337 716 423 foret
740 335 758 437 )
784 341 1015 438 contempla·

79 442 200 519 tionis
224 442 381 539 gradum
406 441 616 528 ordinetur,
640 439 801 517 sufficere
818 442 928 540 ,poliat
945 442 1016 541 spi·

78 544 230 629 ritualia
262 544 344 639 haec
377 541 555 631 ariditas,
581 540 703 629 &hic
737 542 889 620 luminis
908 542 1016 620 relle-

79 645 125 723 xi
150 643 332 735 defeiius,
357 640 521 721 maxime
556 642 583 718 fi
609 643 692 720 haec
717 644 890 742 supplicia
911 646 1013 744 spiri-

80 763 150 825 tus
181 771 267 839 cum
291 746 394 844 supra
420 745 617 849 declaratis
643 746 924 843 purgationibus
936 750 1015 845 l'eup

80 846 145 927 sus
181 847 476 946 conjungantur:
522 870 607 922 cum
640 850 688 923 ad
718 848 898 941 minorem
925 875 1014 928 curn

82 952 169 1029 Deo
190 950 576 1037 communicationem
585 948 801 1039 nitidilfinia-¹
814 954 909 1041 adeo
929 975 1015 1049 pure

82 1053 189 1152 gario
213 1076 288 1129 non
308 1048 526 1146 requiratur.
564 1051 620 1127 ·Si
628 1074 717 1127 vero
736 1052 861 1128 anima
874 1054 923 1128 ad
931 1077 1022 1157 my7

83 1154 216 1233 sticam
243 1177 289 1229 ac
323 1151 521 1251 perl'eltam
560 1154 698 1247 amoris
736 1154 910 1233 unionem
939 1156 1016 1229 ele-'-

81 1254 210 1335 venda
239 1255 310 1344 sit,
341 1254 767 1343 haecomnia1·necdu1n
807 1255 1014 1333 sufficiunt:

81 1356 149 1435 sed
178 1358 314 1433 debent
342 1356 415 1431 alia
439 1355 604 1453 insuper,
631 1360 678 1433 de
704 1357 837 1451 quibus
860 1358 899 1431 in
922 1380 1017 1453 prae-

84 1458 181 1537 lenti
205 1456 514 1533 sermocinaturus
540 1455 637 1552 lum,
651 1459 880 1557 purgationis
896 1482 1017 1532 reme·

69 1562 152 1639 ¹elia
176 1560 370 1658 applicari:
398 1558 463 1633 nili
494 1573 620 1634 tamen
649 1563 762 1635 Deus.
782 1559 945 1636 animam
960 1582 1024 1633 ore

85 1662 245 1743 dinariis
276 1661 520 1759 providentiae
558 1659 632 1739 luae
659 1660 805 1756 legibus
854 1663 1020 1741 eximere

87 1765 192 1843 velit.
241 1763 353 1839 Ratio
379 1761 430 1837 eli
445 1760 670 1848 ,nranilellaz
698 1777 740 1839 ut
765 1762 891 1841 anima
917 1765 1020 1839 eninr

87 1872 155 1967 pe'r
184 1864 322 1943 amoris
344 1863 711 1951 transformationem
743 1886 818 1943 una
833 1888 930 1951 ,cum
939 1865 1021 1941 Deo

87 1992 151 2049 res
177 1965 376 2055 efficiatur,
406 1965 542 2056 auferri
567 1961 706 2055 necelle,
728 1967 777 2053 est
804 1992 936 2045 omnes
955 1968 1022 2042 de*

88 2069 225 2156 setius,
258 2091 389 2144 omnes
423 2069 487 2144 ad·
508 2066 795 2165 supernaturalia
834 2092 941 2164 aeque
977 2086 1056 2145 ac'

91 2171 282 2251 naturalia
307 2168 587 2260 inclinationes,
614 2170 725 2264 idque
751 2194 824 2245 non
851 2171 972 2266 quoad
986 2164 1027 2245 εἴ·

91 2276 173 2353 tius
199 2273 405 2358 duntaxat,
432 2271 492 2345 sed
518 2269 574 2360 &,
600 2284 780 2366 quantum
807 2271 846 2347 in
872 2271 1029 2369 praeien-

92 2374 231 2455 tivita
263 2371 343 2455 fre'ri
386 2369 526 2470 potest,
569 2374 693 2467 quoad
724 2364 1026 2473 iplasgradices3

93 2489 242 2577 oportet
270 2476 384 2553 etiam
411 2474 598 2572 potentias
624 2471 823 2570 exspoliare
849 2474 952 2549 omni
965 2472 1031 2573 lua

92 2577 356 2664 inclinatione,
383 2599 426 2650 ac
449 2573 610 2651 naturali
650 2575 786 2672 agendi
812 2577 945 2662 modo,
987 2584 1032 2649 ut

95 2679 235 2759 elevari
274 2676 403 2778 polirnt
439 2676 647 2764 adolium,
681 2677 851 2753 divinum
882 2677 1033 2783 potius,

94 2800 209 2881 quani
238 2780 444 2859 humanum
467 2778 644 2876 operandi
668 2781 847 2855 modum:
868 2803 935 2855 nec
949 2779 1034 2852 haeo

93 2882 360 2986 potentiarum¹
376 2881 637 2985 decorticatio,
661 2898 704 2956 ut
728 2884 781 2956 ita
804 2881 1037 2976 loquar‚0b‚-

95 2985 210 3066 tineri
232 2984 348 3083 potest
390 2982 464 3060 fine
490 2983 723 3061 acerbiliinris
751 2984 866 3060 animi
893 2984 1038 3069 crucia·

96 3088 223 3174 tibus,
248 3087 312 3183 qui
348 3087 548 3164 tormentis
575 3085 616 3161 in
650 3085 768 3164 altera
803 3086 882 3163 vita
908 3094 1050 3159 errant--

96 3190 225 3271 landis
251 3187 358 3287 iuxta
383 3186 460 3286 iarn
483 3188 579 3265 diii-a
617 3189 753 3265 merito
804 3185 1053 3283 aequiparata·

97 3307 204 3373 tur..
243 3291 285 3369 Si
319 3289 397 3386 jam
429 3290 668 3388 purgationes
705 3289 850 3390 spiritus
876 3312 948 3362 non
976 3279 1048 3399 nili

98 3397 155 3487 ad
174 3392 398 3497 purgativae
421 3392 806 3580 priditptpmumjnir
831 3388 957 3497 reflexi
973 3405 1046 3484 pn·

149 3554 175 3579 .,
188 3556 205 3579 .,
625 3571 630 3583 p
925 3510 994 3580 aa·

1066 3642 1078 3679 Χ
