2100 3870
114 156 204 249 '160
251 145 318 248 Tr.
351 150 422 248 IV.
446 152 547 283 cap.
565 143 671 253 XII.
700 152 773 248 De
790 144 958 273 diuinis,

110 320 149 400 sa
178 319 341 398 increata
374 320 512 397 veritas
537 321 752 420 protestatur
792 318 980 421 (Murcia

111 449 146 503 u.
179 447 239 523 37.
267 419 286 522 )
313 421 499 517 inquiens:
545 421 642 522 Quod
679 436 785 497 autem
821 420 913 499 uobis
933 426 980 498 di

110 523 256 605 omnibus
287 521 381 608 dico,
425 518 584 623 Vigilate.
622 525 723 599 Deus
761 524 868 600 nobis
899 524 980 621 loqr

109 638 173 707 tur
202 643 268 724 per
290 623 328 698 S.
357 623 528 701 Ecclesrne
563 622 756 715 Prolatos,
792 648 858 723 per
891 625 980 723 legi

106 752 192 812 mos
211 724 423 824 ¹superiores
458 724 497 801 δι
524 749 589 824 per
606 726 797 822 Evangelii
816 750 977 825 praecom

109 854 202 909 cum*
224 826 356 902 horum
375 850 506 902 vocem
542 827 642 903 suam
677 827 746 905 esse
773 828 857 927 rpte
896 831 980 905 det:

110 925 300 1022 raverit(
325 925 425 1002 Luco
461 954 517 1004 10.
561 952 594 1005 n.
628 934 684 1005 πό.
726 926 980 1028 )ἀίοεηε;ε

21 1094 24 1099 .
108 1057 169 1109 nor
198 1028 309 1116 ondit,
340 1053 389 1102 me
416 1029 521 1105 audit.
573 1030 675 1105 Deus
711 1030 817 1105 nobis
855 1032 980 1127 loquit

106 1158 188 1236 per:
204 1128 398 1219 beneficia,
443 1140 572 1228 utpote
593 1131 725 1226 quibus
745 1146 923 1226 tanquam
936 1130 980 1204 su

107 1237 218 1316 vibus
248 1231 401 1310 vocibus
430 1255 498 1307 nos
537 1232 585 1306 ad
618 1230 670 1307 sui
713 1238 895 1309 amorem-
916 1234 980 1308 inv

106 1350 186 1416 tat.
235 1334 414 1431 Loquitur
433 1333 540 1409 nobis
571 1356 635 1431 per
668 1333 845 1429 flagella,
885 1340 980 1433 utpot

27 1448 29 1453 '
106 1439 242 1538 quibus
268 1449 445 1531 tanquam
479 1435 611 1533 asperis
638 1437 789 1511 vocibus
821 1428 980 1512 nobissr

107 1542 281 1618 timorem
312 1537 457 1613 incutit.
508 1535 564 1612 lta
591 1536 630 1613 S.
662 1536 862 1631 Gregorius
900 1534 980 1615 verlt

106 1639 277 1743 illa-Jobi
308 1635 329 1737 (
363 1660 434 1734 cup.
463 1650 523 1731 38.
549 1662 582 1713 n.
606 1663 637 1714 1.
666 1634 686 1736 )
718 1631 980 1734 Respondeth

104 1744 213 1817 minus
241 1734 322 1842 eJob
344 1737 384 1812 de
417 1732 542 1813 turbine
585 1739 694 1814 dixit:
725 1742 799 1834 quir
820 1740 861 1841 est
884 1736 980 1840 ryte'n

104 1844 237 1918 volumr
256 1838 435 1938 sentmtier
452 1837 653 1936 sermonibus
676 1834 862 1936 imperitis?
892 1837 980 1917 declr

106 1967 193 2020 rans
219 1940 355 2039 inquit:
395 1938 507 2020 Aliter
541 1946 623 2015 enim
646 1940 809 2016 Dominus
824 1936 980 2038 servisset

105 2045 273 2140 loquitur,
302 2068 373 2115 cum
405 2065 457 2115 eos
487 2042 675 2139 intrinsecus
707 2069 769 2142 per
797 2041 980 2140 compundio

102 2171 173 2222 nem
201 2141 372 2243 prouehit:
400 2142 513 2230 aliter,
546 2169 615 2216 cum
641 2171 699 2240 per
722 2145 980 2244 dijlriliionemm

102 2246 324 2331 extolluntur,
361 2248 486 2342 premit.
539 2243 607 2321 Per
636 2245 786 2320 blondum
811 2255 894 2322 enim
922 2247 980 2318 lom

101 2353 219 2427 tionem
254 2346 392 2422 Domini
418 2346 558 2420 emenda
598 2347 730 2423 dulcedo
773 2354 843 2446 ejus
876 2342 980 2448 ostend

103 2465 179 2540 tur,
212 2477 274 2549 per
306 2446 476 2525 terribilem
500 2473 575 2524 nero
603 2453 740 2550 potuim
774 2455 842 2546 ejus
870 2461 980 2522 metuet

101 2554 148 2628 do
181 2557 381 2652 monstratur.
432 2552 533 2626 Deus
566 2552 670 2627 nobis
690 2553 849 2647 loquitur
872 2547 980 2648 persu

102 2654 260 2742 Iuntina,
298 2653 446 2731 virtutis
469 2653 632 2729 semitam
659 2653 756 2748 quast
779 2655 896 2750 digito
906 2673 980 2726 mon

93 2756 235 2843 straus,
272 2752 311 2831 δι
345 2776 409 2851 per
440 2753 522 2828 suas
546 2753 796 2851 inspirationes
836 2758 885 2830 ad
924 2772 980 2827 ear

99 2879 236 2952 magna
256 2855 444 2931 alacritate
461 2858 738 2951 percurrendam
759 2853 980 2933 exstimulant

98 2957 225 3034 &his
253 2957 334 3031 caeli
363 2958 514 3032 vocibus
558 2981 664 3032 aures
689 2959 879 3034 occludere
919 2950 980 3032 tesi

96 3059 137 3138 S.
178 3058 366 3133 Bernardo
411 3074 556 3153 magnae
606 3061 844 3148 temeritatis,
878 3058 917 3134 iit
951 3055 980 3129 in

97 3159 220 3260 gentis
256 3158 416 3234 stultitiae
461 3161 561 3234 altus
590 3160 651 3236 est.
708 3160 849 3262 Quanto
884 3175 980 3235 temen

23 3344 27 3353 ,
89 3266 202 3351 ¹totir,
237 3262 376 3355 inquit,
417 3273 546 3353 quante
581 3260 713 3358 insanie
743 3267 804 3363 esi,
850 3266 884 3364 fi
914 3261 980 3359 son

92 3389 164 3447 cum
191 3360 369 3462 alloquitur
397 3384 457 3437 nus
483 3359 648 3438 Dominus
679 3361 980 3468 mejeslotis,„nort't

875 3465 956 3564 sa·
