2220 3870
65 172 196 257 'nece
226 122 303 251 erar
330 160 579 292 purgationis
611 155 790 295 paffivaes
873 192 955 281 321

57 326 178 405 lnioae
203 325 376 403 dicuntur
400 326 586 405 industriae
611 328 704 420 illae,
722 331 855 428 quibus
872 334 961 435 ant«,

57 454 96 507 ra
121 428 283 529 per'Dei
296 429 466 527 ¹gratiam
489 429 616 528 adjuta
627 432 674 507 ad
685 435 849 512 divinam
864 438 961 517 con-³

57 530 316 631 emplatlonem
338 528 408 606 sele
441 541 569 630 aptam
593 534 746 617 reddere
783 532 961 626 conatum*
997 618 1003 629 ..

57 634 133 735 lunt
155 632 219 709 illa
241 632 342 708 enim
367 630 473 723 sciat,
499 632 686 711 neminem
704 639 881 731 coelestia,
905 642 960 719 no'

57 734 162 813 itinn
187 733 427 833 contemplari
451 734 567 834 polle,
600 739 664 833 qui
698 755 872 818 mentem
887 732 965 820 ab*

57 836 162 927 ediis,
184 836 340 927 vilibus,
366 836 405 913 n
427 837 582 933 terrenis
597 840 883 937 cogitationibus
896 868 956 922 re·

57 942 174 1017 letam
198 936 320 1027 fovet,
345 937 446 1015 haud
470 938 572 1016 secus
598 963 642 1016 ac
656 942 767 1020 stellae
791 947 963 1023 melote«,

57 1039 196 1119 ‚ebrolrs
227 1042 386 1116 nubibus
420 1042 574 1118 obdutio
599 1042 719 1122 videri
743 1054 967 1145 nequeunt;·j

57 1143 124 1219 inc
146 1140 353 1219 meditandi
377 1138 494 1219 studio
517 1166 668 1220 omnem
702 1142 957 1229 inordinatum

57 1266 202 1325 morem
236 1242 608 1323 &existimationem
640 1250 782 1347 patriae,
807 1255 967 1351 propin<

57 1369 221 1434 uorum,
261 1347 482 1439 amicorum,
525 1347 778 1447 voluptatum,
804 1352 969 1451 delicia-'j

57 1474 140 1541 um,
166 1448 495 1540 commoditatum,
528 1450 760 1540 divitiarum,
797 1450 967 1539 incultu·

57 1570 143 1645 um,
175 1551 429 1647 dignitatum,
461 1551 500 1631 &
535 1552 718 1631 honorum
744 1578 792 1630 ex
825 1554 971 1632 'animo'

58 1652 221 1743 vellere,
247 1653 324 1729 imo
348 1655 467 1731 amori
491 1654 579 1730 huic
604 1678 625 1731 e
652 1654 834 1732 diametro
845 1678 972 1755 oppos

57 1760 147 1835 itam
171 1754 305 1831 harum
328 1776 450 1831 rerum
469 1756 749 1856 ¹despicientium
780 1760 973 1857 imbibere

57 1868 216 1961 tonatur,
240 1869 283 1934 ut
308 1857 475 1935 omniurn
488 1860 682 1935 noxiorum
701 1856 969 1960 ejusmodiob·.

57 1958 216 2045 edorum
244 1961 380 2057 species
407 1975 474 2038 aut
499 1988 520 2037 e
544 1963 723 2063 memoria¹
748 1965 972 2053 eradantur,

57 2073 111 2141 rut
134 2059 228 2164 justa
252 2058 380 2138 saltem
402 2060 646 2141 aestimatione
671 2064 725 2165 itu
750 2064 968 2142 reformatae·

57 2192 84 2245 n
111 2188 157 2243 ea
181 2162 388 2263 persistant,
414 2181 458 2241 ut
482 2165 633 2255 sannae,
660 2168 844 2261 adquam
871 2162 974 2265 alpii·

57 2268 127 2359 nt,
148 2267 454 2365 contemplationi
478 2269 621 2347 nullum
645 2267 806 2368 amplius
847 2260 971 2369 impei

57 2372 251 2451 timentum
273 2381 427 2471 ponant.
941 2372 944 2377 '

57 2601 82 2675 2.
98 2558 318 2738 Cumque
342 2571 530 2669 veteribus
566 2568 755 2675 speciebus
781 2596 803 2649 e
825 2576 977 2673 memocj

214 2676 270 2752 ria
305 2672 528 2765 eliminatis,
555 2691 621 2753 aut
646 2676 737 2753 inibi
768 2674 970 2765 renovatis,
1037 2701 1042 2709 ·

57 2778 97 2859 td
121 2776 413 2856 obnubilandum
438 2777 576 2855 mentis
599 2776 674 2855 suae
712 2777 847 2853 oaelum
884 2776 973 2852 alite

57 2902 156 2961 rovae
180 2879 365 2965 introduci
389 2878 546 2980 polient3
570 2880 659 2956 hino
687 2878 846 2956 orationi
856 2879 976 2979 etiam
1010 2926 1021 2937 .-

57 2978 237 3070 Tecelsum,
263 2980 508 3074 solitudinem,
532 2981 572 3059 do
606 2985 774 3059 omnium
807 2978 976 3054 sensuum

57 3084 254 3183 eustodiam
280 3086 426 3161 eumin
450 3080 564 3161 finem
581 3083 771 3183 adjungit,
795 3095 839 3159 ut
863 3078 978 3178 speci-

57 3191 146 3268 ebus
171 3187 328 3264 terrenis
352 3209 422 3264 nec
446 3186 591 3274 aditus,
617 3206 687 3262 nec
712 3197 883 3283 apertura
897 3199 980 3291 am«

57 3288 154 3391 plion
183 3301 336 3388 pateat,
379 3308 582 3389 perquam
608 3290 656 3365 ad
681 3309 816 3386 purum
840 3291 984 3385 menno

57 3388 532 3585 obtimmilobfflmdmii
545 3386 616 3470 sele
641 3384 766 3470 denuo
797 3383 985 3557 iufissutass

102 3580 105 3585 Ι
140 3510 205 3570 Μ·
272 3543 285 3573 0
374 3542 379 3547 “
454 3521 457 3526 ’
593 3548 598 3555 ·
648 3560 651 3565 .
852 3498 935 3584 ρο,
972 3534 975 3541 “
