2220 3870
143 182 250 306 '340
319 171 385 276 Tr.
408 181 461 275 V.
494 175 594 313 cap.
616 157 692 287 ss„
714 172 920 314 Estentiu,'
945 184 1013 290 ²&

156 347 368 433 vanesceret
378 369 389 438 ;
436 345 549 435 verbo
569 343 637 442 *ad
675 345 849 442 geuuinae
866 434 869 441 ,
884 340 1077 431 humilita'.

154 456 209 535 tis
241 448 535 531 consecutionem
564 467 755 566 nunquam
775 448 1026 549 pervenirent

143 672 216 754 25.
328 650 428 728 uodst
459 638 505 727 de
538 647 713 751 spirituali
737 649 823 729 dein
859 651 1073 752 guia‘ioqui

353 754 534 843 velimus,
567 775 654 828 cum
688 750 727 833 S.
749 753 1071 854 Joanne‘aCruce

135 854 226 939 'stne
253 857 315 933 hae
329 857 485 940 itatione
525 851 706 930 affirmare
745 851 955 953 possumus,
974 858 1071 955 quod

148 982 199 1036 ex
233 957 304 1058 piis
335 956 597 1056 incipientibus
614 955 679 1031 vix
706 979 820 1032 unum
843 956 1070 1056 reperiretu-

146 1072 275 1138 turum
303 1056 361 1148 sit,
389 1060 471 1155 qui,
508 1070 835 1155 quantumcunque
865 1079 932 1156 pet
963 1059 1069 1139 viam

86 1160 87 1164 '
131 1158 293 1262 ‚spiritus
318 1159 414 1235 reda
441 1158 796 1255 ingrediatur,vitio
819 1158 893 1236 hoc
912 1181 1069 1261 magno

140 1285 234 1372 pere
253 1261 529 1337 contaminatus
559 1257 704 1336 nonsit
756 1260 1067 1359 Quandoquidem

130 1360 283 1443 'novelli
300 1362 343 1439 hi
357 1361 496 1449 christi
509 1358 650 1437 affeclae
668 1358 845 1466 spirituaii
858 1362 924 1438 ilio
934 1421 946 1453 ,
956 1358 1065 1461 quem

140 1466 248 1545 Deus
285 1462 392 1564 juxta
425 1460 520 1538 diua
537 1461 576 1538 in
605 1450 768 1539 exordiis
791 1464 996 1543 concedere
1013 1465 1064 1542 fo·
1095 1548 1098 1559 y

138 1567 227 1658 tet,'
240 1565 346 1665 gustu
366 1565 421 1641 ita
453 1560 679 1653 inescantur,
710 1576 757 1643 ut
784 1565 932 1663 gustm
965 1564 1064 1645 huuc

138 1663 229 1747 dein
257 1669 298 1745 in
326 1664 498 1746 omnibus
533 1663 607 1765 suis
644 1664 897 1756 orationib'm,
922 1669 1062 1769 *religi-

125 1766 210 1848 'osis
248 1767 410 1857 auibus,
443 1789 488 1844 ac
524 1767 676 1865 pietatis
710 1768 898 1851 exercitiis
928 1768 1061 1848 sedon·

128 1882 209 1948 ¹tur.
260 1871 361 1967 Dum
392 1868 610 1945 mediationi
631 1883 789 1960 vacant,
807 1884 883 1946 uon
900 1870 969 1947 nisi
985 1870 1061 1949 sen«

133 1972 276 2055 sibilum
315 1971 515 2069 quamdam
538 1970 635 2046 circa
651 1970 778 2068 diuina
795 1971 971 2071 mysteria
980 1974 1059 2050 dui·

133 2073 307 2152 cediuem
339 2073 471 2148 elicere
508 2085 714 2149 conantur:
751 2071 896 2149 ficum
915 2075 1057 2152 obtine·

131 2188 223 2265 ant,
257 2174 322 2252 nbi
357 2173 478 2250 nescio
513 2174 602 2270 quid
633 2171 831 2273 praestitisse
863 2176 1056 2253 videntur:
1099 2237 1100 2249 n

132 2277 307 2358 stillam
352 2289 480 2353 autem
514 2301 589 2380 uon
631 2274 926 2372 consequantur,
954 2277 1059 2355 nullu
1097 2260 1100 2312 ¹

129 2381 275 2461 tatione
304 2378 471 2455 contenti
485 2398 640 2452 maerore
661 2377 955 2477 afficiuntur,lac
976 2388 1054 2477 per·
1095 2361 1100 2436 s

129 2481 274 2572 suasum
290 2479 355 2558 fibi
376 2479 512 2556 habere
542 2478 743 2578 incipiunt,
772 2479 961 2555 orationes
972 2479 1053 2556 suas
1094 2465 1100 2515 ²

74 2590 76 2597 ’
128 2581 303 2670 inutiles,
337 2580 376 2658 dt
405 2580 543 2657 nullius
571 2603 696 2656 coram
717 2582 797 2655 Deo
822 2579 961 2656 valoris
972 2580 1052 2658 esse:
1094 2560 1100 2616 ¹

125 2681 168 2762 ὅ(
212 2681 310 2758 falsis
345 2683 409 2780 his
444 2683 539 2756 ideis
580 2680 692 2757 delusi
725 2700 790 2758 eas
829 2683 1050 2780 quandoque
1094 2665 1100 2718 ¹

125 2785 243 2860 etium
270 2783 531 2861 intermittunt.
583 2784 684 2859 Dum
705 2780 877 2859 mensam·
903 2785 1049 2861 Euchu·
1092 2767 1100 2860 Ι

122 2884 285 2965 risticam
329 2886 540 2971 accedunt,
583 2908 695 2961 omne
725 2906 853 2960 eorum
888 2883 1048 2961 studium
1092 2869 1100 2942 ¹

122 2987 224 3063 circa
252 2985 418 3085 sapidum
446 2986 648 3084 quemdam
677 2985 816 3062 sensum
844 2996 894 3062 ex
914 2984 1046 3062 Chn'sti
1091 2969 1100 3021 ¹

122 3080 223 3165 intra
248 3086 283 3165 se
311 3088 464 3166 latentis
496 3086 688 3186 praesent'ia
703 3087 952 3165 hauriendum
967 3108 1046 3165 ver·
1091 3094 1100 3193 ζ

117 3187 231 3266 satur.
283 3190 325 3265 Si
360 3191 394 3266 is
414 3187 581 3279 deficiat,
612 3189 753 3267 nuliam
773 3187 1046 3285 communionis
1091 3195 1100 3223 ⁴

118 3289 304 3389 ejusmodi
332 3292 514 3368 rationem
539 3292 696 3379 habent,
733 3289 898 3368 &forte
929 3291 1044 3370 etiam
1090 3273 1100 3327 ²

68 3440 71 3447 ·
116 3388 296 3497 tcmpuis
320 3394 434 3478 circa
468 3415 554 3479 eam
588 3394 793 3500 agitantur.
842 3386 1043 3507 Mifessihi
1090 3374 1100 3435 ¹
