2220 3870
138 202 329 348 pressim
365 224 441 347 pro
476 200 677 307 diressore.
822 150 923 337 m

75 392 216 456 remota
243 379 307 474 fit;
333 377 372 457 δι
397 400 509 475 quam
538 391 726 458 veterator
755 381 920 480 maligna

69 494 181 557 :arte
213 506 287 557 non
312 480 351 557 in
378 479 637 578 desperationis
663 482 858 582 cujusdam
882 508 923 561 a·

69 579 144 657 suru
169 583 396 682 praecipitem
422 604 552 679 agere,
589 594 656 661 aut
683 583 812 662 saltem
842 585 924 663 nni·

92 683 290 783 dejettam,
322 708 367 760 ac
398 685 437 760 in
465 707 602 779 magua
624 687 802 783 quadamv
826 686 921 765 diffi-

69 786 128 860 rtia
156 787 422 863 consternatam
465 784 676 864 conservare
708 789 920 866 contendat.

80 887 193 982 igitur
235 887 454 985 contingat,
490 903 542 963 ut
565 887 696 964 afflitia
720 890 846 968 anima
880 891 922 968 in

69 990 169 1063 sdem
195 990 378 1087 opinionis
404 988 627 1084 magistrum‘
640 989 804 1082 incidat,
825 1012 917 1089 qua·

70 1114 88 1165 r
117 1087 247 1167 misera
280 1089 352 1167 sese
390 1089 547 1168 erestaru
578 1089 789 1173 conservare
813 1105 922 1194 poteo

69 1193 75 1228 Ι

69 1416 89 1495 p.
103 1393 395 1596 Quapropter
404 1394 568 1473 Direttor
577 1381 813 1472 communem
821 1393 927 1476 hane

224 1498 320 1576 inter
344 1497 762 1592 Theologosdoiiririam
779 1500 919 1577 teneat}
960 1515 978 1546 Χ

69 1596 183 1671 anima
223 1599 396 1694 quaedam
434 1600 555 1676 Deum
592 1619 679 1675 vere
721 1599 922 1690 timeam

69 1712 152 1774 cato
177 1697 281 1796 super
306 1724 416 1777 omne
440 1699 581 1776 malum
615 1698 828 1790 abhorreat,
862 1699 945 1777 idr

69 1824 74 1870 ε
102 1821 239 1894 magna
271 1820 358 1876 cum
382 1801 574 1878 sedulitate
598 1798 762 1902 fugiat(
789 1802 919 1897 quales

69 1921 124 1996 [ue
154 1899 237 1976 sunt
273 1902 430 1991 animae,
461 1902 508 1978 de
539 1901 672 1999 quibus
695 1903 736 1978 in
758 1903 917 2001 praesens

69 2002 320 2098 nucinamur)
346 2005 494 2080 interea·
515 2015 642 2080 tamen
668 2004 822 2094 timeat,
860 2004 917 2083 su·
948 2100 951 2107 Ι

70 2117 174 2192 etur,
200 2127 245 2178 ac
269 2104 434 2197 dubitet,
469 2117 593 2182 utrum
608 2105 814 2181 tentationi
836 2107 916 2184 cui·

69 2230 84 2279 1
107 2202 345 2295 consenserit,
371 2218 461 2282 tunc
491 2205 712 2282 censendum
731 2206 800 2296 e'st,
815 2209 915 2303 quod

68 2304 187 2381 sensus
215 2304 276 2382 vel
305 2306 448 2403 prorsus
469 2306 647 2393 abfuerit,
665 2305 725 2382 vel
741 2304 829 2383 talis
846 2307 915 2385 sal·
940 2393 946 2400 ,

69 2432 175 2483 rnon
201 2402 384 2496 adfuerit,
410 2407 473 2502 qui
500 2408 550 2484 ad
577 2419 773 2505 peccatum
806 2407 919 2487 letale

69 2508 219 2605 :igiflets
257 2507 327 2582 Rei
352 2506 588 2606 hujus-ratio
624 2507 664 2582 in
691 2507 767 2606 ipsa
818 2508 918 2609 ejus·

69 2632 80 2686 ι
107 2609 325 2707 suspicione,
350 2610 502 2698 timore,
528 2617 574 2686 ac
595 2608 708 2685 dubio
736 2609 789 2687 est
808 2632 916 2710 repo·

71 2734 81 2787 ι
108 2713 194 2808 quia
221 2713 270 2787 ad
292 2708 914 2809 gravemoulpamconstituendam,

69 2812 175 2911 cipue
207 2813 247 2888 in
281 2834 429 2910 magnae
456 2811 650 2911 probitatis
678 2810 916 2918 homiuibus,
997 2878 1001 2884 .

69 2915 186 2991 riritor
214 2914 405 2992 consensus
429 2914 536 3015 plene
567 2911 691 3003 uteru
714 2910 789 2993 srve
828 2914 916 3017 lena

69 3041 76 3092 ι
103 3015 312 3092 attentione
330 3040 376 3093 ac
401 3015 539 3114 apertis
566 3014 700 3091 oculis·
824 3018 910 3095 ‘tuo

87 3116 165 3219 jam
194 3116 267 3191 hac
290 3121 433 3193 ratione
464 3115 666 3204 consentit,
688 3117 912 3210 noutiruet,¹

100 3216 317 3317 suspicatur,
352 3243 427 3293 non
457 3219 603 3296 dubitat
629 3217 677 3294 de
719 3214 917 3315 consensu3

84 3332 185 3396 certo
210 3317 315 3394 illum
336 3317 433 3410 scit:
458 3317 644 3415 speciatim
666 3319 820 3399 videtur
853 3314 913 3401 iu·¹

69 3421 227 3515 itatum,
256 3420 434 3607 quodGin
464 3419 579 3524 hujus
607 3419 757 3522 goeio
776 3416 913 3605 tffistr

73 1528 80 1537 s
