2220 3870
168 188 266 267 'nece
295 198 374 263 nar
411 152 657 306 purgationis
679 157 829 302 sensus.
922 194 1002 306 331
1091 288 1094 299 Ι

82 341 152 421 stis
178 342 218 417 in
244 338 354 417 corde
378 336 446 435 suo
465 335 501 412 se
525 335 653 413 tacite·
669 338 840 438 praeferre
874 332 1007 443 incipi:

82 452 141 532 at,
154 445 260 521 dum
284 453 432 540 tantum
454 437 656 536 fervorem,
681 432 887 519 &tantam
907 444 1011 524 circa·

83 546 270 623 virtutum
295 539 846 621 ''exercitationenalacritatem
875 544 923 621 'in
956 547 1010 643 iin¹

84 673 163 724 non
202 643 454 745 deprehendit.
505 640 647 718 Verum
670 642 831 722 misellus
869 647 1012 749 decipi·

84 762 166 827 tur:
185 748 282 843 ‚quia
308 745 484 822 virtutem
508 744 736 834 nechabet,
762 770 834 823 neo
868 742 1008 828 habere

86 851 302 928 adhucdum
327 845 453 944 potest.
506 844 590 921 Non
615 846 752 923 habet:
778 849 865 945 quia
890 846 1011 931 facili·

84 965 174 1035 tas,
202 971 313 1046 quam
340 949 378 1024 in
405 946 556 1047 pietatis
580 948 767 1024 exercitiis
787 954 1009 1050 experitur,

85 1076 163 1130 non
199 1077 236 1128 a·
256 1048 422 1127 radicato
451 1051 613 1148 quodam
644 1051 685 1127 in
717 1049 843 1128 anima
875 1054 1009 1137 habitu

85 1152 348 1255 profioiscitur,
375 1150 436 1227 sed
461 1152 672 1243 dulcedini,
694 1175 768 1251 qua
800 1153 1008 1261 inescatur,

85 1257 124 1336 dr
153 1254 458 1353 adoperandum
482 1252 687 1340 invitatur,
720 1278 871 1332 omnem
903 1258 1009 1339 suam

85 1360 268 1456 originem
303 1357 424 1432 debet.
483 1354 569 1431 Non
592 1354 709 1455 potest
742 1380 827 1435 eam
849 1357 1008 1439 habere:

86 1462 174 1558 quia
211 1461 331 1535 virtus
370 1457 422 1533 est
454 1456 606 1532 habitus
639 1457 768 1549 fortis,
800 1482 850 1537 ex
875 1462 1009 1539 multis

84 1561 360 1658 frequentatis,
395 1559 435 1636 &
469 1554 619 1653 quidem
654 1557 753 1638 inter
777 1560 1006 1642 tentationes
1082 1572 1087 1595 ‘

84 1665 204 1762 saepe,
232 1660 438 1749 condielur,
473 1659 513 1735 dt
546 1661 813 1758 repugnantias
835 1663 1009 1762 frequen·

83 1767 177 1846 tatis
193 1764 355 1843 adibus.
369 1775 495 1849 onus,
522 1760 672 1858 qualem
696 1763 785 1854 ille,
807 1763 1007 1866 fipraesens

83 1870 168 1968 eius
195 1865 308 1942 status
333 1862 597 1952 consideretur,
623 1862 708 1941 sane
733 1863 906 1965 poffidere
929 1896 1006 1949 non
1065 1928 1069 1939 ,

82 1969 234 2072 potest,
268 1990 355 2042 cum
387 1964 572 2065 ejusmodi
607 1965 711 2043 allus
744 1967 1008 2065 frequentandi

80 2098 156 2154 nec
182 2084 330 2168 tempus
355 2067 477 2145 adhuc
502 2091 573 2144 nec
585 2068 813 2147 occanonem
822 2072 1006 2154 habuerit.

81 2292 148 2365 13.
163 2273 307 2438 Cum
339 2271 443 2347 Deus
481 2272 569 2346 eum
599 2266 715 2366 igitur
738 2294 805 2368 per
829 2270 1008 2356 sensibilia

267 2375 350 2450 lraec
373 2371 485 2449 illicia
510 2395 533 2447 a
558 2369 679 2446 seculo
721 2374 932 2470 omnigenis
965 2403 1008 2454 a-

79 2475 255 2564 vulsum,
297 2475 338 2551 dc
375 2476 415 2549 in
446 2471 537 2547 serio
562 2472 654 2548 totis
673 2469 743 2547 sese
767 2474 909 2551 viribus
935 2479 1007 2559 Dei

79 2577 234 2661 servitio
259 2575 497 2673 mancipandi
521 2573 670 2671 decreto
701 2573 773 2651 rite
803 2576 1006 2659 stabilitum

81 2683 209 2767 videt,
247 2698 402 2755 manum
433 2675 535 2753 suam
557 2671 752 2752 retrahens
775 2680 878 2755 omni
903 2680 1010 2760 sensi-

81 2784 154 2865 bili
190 2783 311 2878 gratia
346 2803 434 2856 eum
465 2776 647 2873 destituit,
683 2801 729 2854 ac
760 2777 801 2855 in
831 2781 1007 2864 ariditate

85 2884 294 2978 relinquit,
331 2896 375 2957 ut
412 2905 489 2955 non-
521 2878 682 2979 amplius
707 2902 756 2955 ex
780 2882 907 2978 gustu,
939 2901 1010 2967 aut

81 2988 217 3066 {altem
243 3007 329 3060 cum
354 2981 478 3080 gustu,
502 2993 613 3077 prout
636 2993 748 3059 antea
772 2982 827 3060 illi
860 2990 1006 3065 accide-

84 3102 168 3177 rat,
196 3086 258 3163 sed
280 3108 364 3162 cum
391 3081 618 3173 difficultate,
644 3081 685 3160 δι
709 3085 833 3182 magis
855 3085 930 3165 iuis
943 3114 1016 3173 εχ..
1045 3142 1052 3149 .

85 3188 209 3293 pensls
246 3186 390 3287 operari
416 3185 591 3281 incipiat;
618 3183 658 3261 dc
674 3182 843 3262 ficveras
856 3186 1010 3268 solidas·

86 3317 161 3394 que
185 3292 344 3369 virtn-tes
370 3287 548 3382 acquirat.
598 3284 695 3363 Haec
729 3290 1014 3371 communium.

85 3408 147 3480 ner
186 3392 363 3495 mistycos
398 3387 566 3485 dederes
598 3385 767 3473 dostriua
793 3388 870 3486 est,
893 3412 1012 3490 qoam

171 3536 177 3545 ·
723 3534 741 3591 ι
865 3514 960 3599 quo·
1059 3545 1063 3551 -
