2100 3870
13 96 243 237 πρῶτα·
277 92 584 233 pra-directore.
645 112 649 119 ’
725 106 845 221 2ῐ9’

35 269 195 347 aliorum
223 268 357 365 agendi
388 268 529 345 rarione
553 266 815 349 discordabant

37 371 100 445 his
125 370 266 453 casibus
289 372 388 445 Deus
413 394 487 445 non
519 370 630 447 modo
663 372 817 448 manife-

10 472 192 551 osuntatia
222 470 295 547 suae
314 471 424 566 srgua
457 470 591 559 edidit,
614 468 675 547 sed
698 472 736 550 dt
761 474 818 549 di·

10 575 108 651 'ibus
133 574 182 651 ad
205 573 432 649 voluntatem
463 570 560 649 hanc
600 572 818 671 cognosceu-¹

10 674 202 755 sufficiens
227 674 352 751 lumen
377 670 526 762 affudit,
564 699 612 751 ne
643 673 677 750 se
719 674 817 775 ejus·

16 779 66 849 de
75 776 196 851 senon
214 774 506 873 vituperabilium
528 774 818 871 singularitatum

10 878 120 953 itioni
158 890 391 974 opponerent.
463 874 576 951 Prout
615 878 654 951 S.
687 879 818 955 Mariae

15 980 143 1055 alenae
176 978 222 1053 de
253 977 381 1055 Pazzis
417 976 568 1062 accidit,
600 978 689 1053 dum
716 980 818 1073 Daue

10 1083 149 1175 ainque
173 1104 289 1155 anuos
315 1081 431 1153 vitam
456 1078 574 1172 quoad
600 1080 820 1158 exterioraa·

12 1180 116 1257 sterii
147 1180 465 1255 consuetudinibus
498 1192 616 1254 totam
640 1179 822 1257 diversam·

10 1278 36 1357 e¹
77 1280 262 1376 injunxit:
304 1277 514 1377 prodigiosis
547 1280 646 1355 enim
685 1279 817 1379 saepius

10 1406 24 1457 ς
51 1382 287 1461 voluntatem
313 1381 413 1458 suam
438 1380 725 1477 cognoscendam
753 1383 818 1458 de·

10 1498 36 1559 .t
62 1482 268 1580 spirituales
294 1482 402 1580 ipsius
427 1484 554 1559 Patres
583 1482 645 1558 suo
670 1481 819 1558 consen·

10 1587 18 1660 i
53 1584 154 1661 dista
183 1584 362 1661 exteriora
393 1584 625 1681 approbanda
662 1606 825 1659 concur··

10 1700 35 1763 t.
84 1684 183 1759 Haec
205 1685 328 1761 omnia
358 1686 451 1761 adeo
475 1708 562 1761 vera
587 1682 686 1773 sunt,
711 1698 754 1761 ut
775 1686 815 1761 S.

10 1784 95 1874 esra,
121 1799 229 1882 prout
253 1787 300 1861 de
325 1785 358 1861 se
392 1784 468 1882 ipsa
504 1785 666 1881 pluribus
699 1787 737 1860 iu
762 1787 817 1861 lo·

10 1900 269 1974 ›mmemorat,
294 1910 380 1964 cum
403 1888 450 1963 de
474 1887 582 1962 rebus
607 1908 630 1961 a
658 1886 737 1963 Deo
752 1885 817 1964 srbi

10 1988 79 2065 stis
105 2010 192 2065 cum
216 1988 450 2065 diresioribus
475 1985 817 2077 confiliuminuet,

10 2112 70 2165 ore
100 2087 254 2186 positum
278 2089 466 2177 habuerit,
490 2088 641 2165 Domini
661 2087 817 2166 locutio·

13 2211 210 2285 nunquam
243 2191 469 2288 patefacere,
510 2189 722 2287 priusquam
755 2214 818 2265 eo·

13 2290 113 2368 sensa
141 2290 391 2368 intellexisset:
414 2290 561 2369 volebat
584 2290 684 2365 enim
706 2290 834 2367 const--

33 2415 126 2469 cum
159 2390 245 2467 fidei
278 2392 326 2470 dc.
341 2391 562 2490 prudentiae,
597 2390 702 2489 juxta
726 2413 820 2486 quas

10 2495 46 2569 iri
73 2508 266 2581 tenemur,
289 2494 432 2588 legibus
457 2493 687 2580 concordare,
698 2493 818 2569 neuti-

10 2593 240 2682 r-sollicita,
283 2610 373 2670 num
399 2593 512 2671 etiam
544 2616 629 2669 cum
653 2593 820 2690 privata,

14 2694 149 2773 fallere
183 2709 345 2793 poterat,
381 2694 567 2773 locutione
591 2692 821 2809 conseuQet,

20 2817 156 2871 verum
187 2794 268 2885 est,
307 2798 404 2892 quod
440 2797 552 2873 verba
591 2794 631 2871 in
655 2798 822 2874 oratione

10 2922 56 2984 a,
86 2896 112 2970 fi
137 2897 414 2995 cumpraedidie
427 2897 564 2994 regusis
590 2899 823 2988 conveniant,
846 2930 864 2941 ’-

10 3024 75 3086 us,
101 3020 147 3073 ac
171 2997 399 3075 securitatem
424 2997 661 3096 superaddere
680 2998 820 3096 possint,

11 3115 29 3175 t
54 3098 95 3175 δι
121 3098 285 3175 dueuori
310 3101 427 3199 major
450 3100 554 3198 quies
586 3100 800 3176 concilietur
808 3148 827 3186 ,-

10 3200 155 3298 viscipuli
178 3203 324 3285 animus
348 3203 397 3284 ad
420 3200 675 3282 executionem
699 3199 821 3294 magis

10 3301 171 3383 miletus·
817 3349 822 3367 ·'

686 3428 772 3505 ror,
