2220 3870
13 112 15 117 l
107 178 190 266 108
278 130 448 264 Trss·1V.
484 156 710 301 cisami·
742 165 914 259 Manita

103 334 338 436 imposterum
374 335 574 431 quidquam
610 333 735 410 videre
775 331 1016 429 contingeret,

58 448 61 459 ’
102 452 268 515 mentem
299 437 372 513 'alio
403 450 547 524 vertat,
572 434 610 510 dt
636 434 781 537 securus
807 433 866 524 sit,
889 432 1017 509 se'rem

103 537 184 616 Deo
210 538 319 615 vaide
343 551 489 639 gratam
513 530 708 639 fadururia
760 538 810 639 Et
835 535 919 612 hac*
932 533 1019 612 rati.

104 665 176 716 one
210 653 393 717 attentum
433 663 520 736 eum
548 639 679 714 reddet
709 663 754 714 ac
788 649 941 731 cautum
972 634 1019 712 ad
1054 722 1057 735 ¹

102 741 335 838 despicienda
373 741 456 818 haec
493 738 694 840 phantafiae
718 739 876 816 ludibria
889 768 904 828 ,¹
923 758 1018 833 -quae

25 932 26 936 Ἴ
103 841 245 940 spiritui
280 868 355 919 non
393 843 492 919 leve·
516 839 671 918 successu
696 830 1044 942 temporisfdetri·.

87 949 274 1023 'mentmn
309 943 438 1026 afferre
472 942 630 1044 'possent

60 1160 63 1165 ’
104 1146 435 1313 96.ΜοΝιτυΜ
460 1148 666 1235 Tanarum.
710 1145 834 1224 -Notet
857 1139 1021 1228 director,

297 1249 396 1346 quod
426 1250 619 1348 praedidae'
653 1245 853 1348 phantasiae
887 1242 1021 1323 innuo·

104 1372 174 1427 nes
208 1359 253 1424 ut
299 1350 498 1451 plurimum
539 1350 797 1428 melancholici
839 1359 1023 1457 tempera·

105 1451 243 1541 menti,
267 1449 354 1528 fixae
380 1454 542 1543 mentis,
576 1477 646 1530 nec
677 1477 753 1531 non
792 1449 948 1526 fervidae
978 1467 1022 1523 ac

92 1553 249 1630 'vivacis
290 1550 543 1650 imaginativae
589 1553 749 1654 personis
792 1549 1023 1650 supervenire

104 1654 257 1733 soleant.
314 1655 415 1744 Hae,
454 1654 519 1731 nis
552 1656 591 1730 in
630 1657 757 1732 ordine
798 1654 847 1731 ad
872 1651 1024 1730 vivaces

105 1753 393 1851 imaginationes
417 1758 477 1830 vel
509 1757 721 1834 sraenandas
746 1755 807 1833 vel
839 1752 1023 1851 corrigen-

107 1856 177 1933 das
219 1857 346 1956 magni
388 1855 515 1956 judicii
541 1858 700 1945 suerint,
733 1857 907 1934 videntur
960 1849 1023 1929 srbi

106 1956 328 2055 quandoque
374 1959 471 2034 clare
511 1959 738 2060 conspicere,
770 1957 868 2056 quod
901 1956 1024 2054 reapse

107 2058 320 2147 nullatenus
356 2059 506 2149 vide‘nt,
533 2060 594 2136 sed
618 2061 690 2138 suis
716 2063 899 2137 duntaxat
929 2059 1023 2140 ideis

42 2167 54 2177 “
109 2162 150 2239 in
176 2159 364 2258 phantasia
377 2160 440 2239 fibi
454 2163 700 2260 praefigurant.
752 2161 934 2256 Quodque
945 2185 1024 2238 ma·

108 2263 168 2360 gis
192 2263 421 2349 mirandum,
453 2267 492 2338 in
519 2289 563 2339 eo
597 2263 780 2353 versatur,
824 2268 924 2358 quod
950 2261 1025 2339 ‘sua

35 2388 44 2408 ·
108 2386 174 2440 eas
210 2387 317 2447 mens
355 2363 504 2441 subinde
540 2366 594 2449 ita
621 2365 802 2464 decipiat,
840 2383 884 2445 ut
898 2367 1025 2453 ,etiam

82 2465 316 2566 ‘juramento
337 2465 570 2556 affirmarent,
581 2469 616 2545 se
649 2491 736 2545 vere
775 2465 911 2560 vidisse,
926 2465 1026 2566 quod

77 2565 174 2644 'fibi
204 2567 397 2663 imaginati
430 2567 511 2645 sunt
539 2573 696 2648 videre.-
733 2567 775 2644 Si
809 2567 1025 2648 memorio

24 2742 28 2755 ,
110 2667 294 2763 ejusmodi
324 2693 399 2759 non
428 2671 543 2758 clara,
570 2696 620 2748 ac
643 2667 835 2751 manifesta
868 2667 1026 2770 vetispi·

109 2768 205 2848 ritus
244 2769 382 2846 indicia
415 2771 689 2868 deprehendat,
715 2772 755 2850 dt
783 2795 831 2850 ex
843 2773 1026 2850 enarratis

107 2866 175 2947 sui
205 2869 404 2948 visionibus
422 2873 614 2968 ingentes,
647 2896 691 2951 ac
711 2876 957 2973 omnigenam.
971 2873 1027 2952 vi·

109 2983 164 3046 tae
186 2972 482 3062 emendationem
508 2976 588 3072 post
612 2973 648 3050 se
674 2976 868 3053 trahentes
898 2975 1029 3053 salutis
1056 3060 1060 3067 ,

105 3068 259 3248 imus
288 3072 460 3150 resultare
489 3101 565 3152 non
598 3077 745 3167 videat,
773 3079 914 3155 nullam
925 3100 1028 3177 pror·

122 3194 166 3248 us
192 3173 247 3247 eis
271 3173 383 3249 fidem
408 3173 571 3254 habeat:¹
594 3201 684 3256 cum
715 3180 818 3256 Deus
842 3180 940 3258 tales
964 3200 1030 3279 per

104 3277 190 3352 vias
222 3277 531 3355 extraordinarias
553 3301 681 3358 revera
715 3281 850 3358 ducere
875 3305 954 3357 non
974 3279 1029 3358 so·

61 3483 64 3487 ,
106 3374 207 3472 leat,
239 3385 322 3458 tum
347 3380 400 3462 obs
417 3381 669 3476 staciturnitati,¹
701 3403 816 3486 quam
848 3383 900 3464 ad
930 3381 1029 3564 {inso-
