2220 3870
146 172 236 266 454
311 140 408 265 ,Tr
443 142 493 242 V
526 147 631 278 Cep.
671 144 737 240 X
765 127 965 270 Molestiae

141 315 219 392 bus
246 316 503 390 exterminent.
551 314 635 390 Non
662 314 732 390 erit
772 310 1068 413 reperire‘perb·

146 436 259 505 narn,
293 416 334 492 in
361 415 591 493 daemoniaca
613 416 683 492 hac
714 414 912 492 obfidione-
938 418 1065 493 deten-

145 526 248 607 tam,
283 537 368 613 quae
410 543 483 593 non
520 518 731 615 frequentes
756 516 977 594 diffidentiae
1014 517 1068 591 sti·

143 618 268 696 mulos
301 619 452 708 sentiat,
479 619 517 697 &
549 619 610 694 cdi
646 644 720 694 non
738 620 831 694 dirae
845 621 1069 714 quandoque

145 717 417 818 desperationes
450 720 724 820 superveniant:
767 720 1067 816 quandoquidem

144 818 320 896 inimicus
346 822 382 897 ei
405 823 451 899 ob
478 823 605 898 oculos
630 822 734 922 ponit
759 846 834 896 non
848 823 966 897 modo
987 843 1068 920 peu·

79 932 82 941 ‘
146 935 232 999 eata
262 924 468 1022 praeterita,
494 922 555 999 led
586 923 626 1000 dt
655 920 952 1023 imperfeiiiones
967 940 1068 1022 pre·

144 1019 288 1118 lentes3
318 1022 430 1122 idque
452 1049 530 1113 ¹non
560 1023 686 1101 serena
712 1025 775 1101 illa
797 1023 903 1112 luce,
936 1046 1066 1123 quaes
1099 1118 1102 1127 Ι

144 1122 227 1209 Deo
252 1123 476 1212 infunditur,
510 1124 548 1202 dc
581 1126 746 1204 animaru
771 1125 918 1224 placida
947 1125 1066 1202 hurni-
1097 1138 1102 1219 ¹l

144 1224 328 1314 litate,ac
349 1228 448 1303 dulci
466 1225 525 1326 spe
537 1227 676 1326 replere
690 1227 802 1316 solet,
822 1225 882 1301 sed
902 1228 1064 1325 maligna
1096 1230 1100 1247 '

145 1328 307 1424 quadam
318 1327 382 1428 ipsr
402 1327 474 1404 lola
486 1330 626 1427 propria
637 1324 718 1405 luce
730 1386 740 1416 ,
754 1348 838 1426 quae
856 1329 1065 1406 omniafer-

144 1444 187 1506 ¹ro
212 1429 251 1506 dr
286 1425 372 1527 igne
405 1431 673 1528 depopulanda·
694 1429 885 1528 proponit,
910 1452 1063 1527 quaeque
1097 1502 1100 1541 Ι

106 1565 108 1569 ·
142 1529 279 1607 eaelum
304 1530 486 1621 eunium,
512 1531 655 1607 inferni
670 1554 713 1607 os
734 1543 925 1629 apertum,
948 1532 1061 1608 Deum
1096 1550 1101 1635 ς

112 1701 114 1705 .
143 1631 329 1720 aversum,
352 1631 395 1709 dr
417 1631 543 1714 omnia
578 1629 790 1729 pellundata
817 1630 1062 1729 repraesentat.
1097 1656 1101 1669 ·

87 1814 91 1825 Ι
142 1731 391 1810 Ariditatibus
416 1733 455 1812 δι
481 1733 805 1820 tribulationibus,
841 1752 939 1828 quas
978 1736 1062 1811 tole-
1098 1738 1101 1743 '

142 1829 219 1920 rat,
233 1836 381 1939 *pariter
401 1834 440 1909 in
467 1857 547 1910 rern
572 1833 672 1912 luam
693 1834 829 1922 utitur,
852 1847 895 1910 ut
918 1835 975 1911 ilii
990 1858 1063 1936 per·
1099 1882 1103 1975 ι

142 1934 313 2022 suadeat,
339 1936 438 2030 quod
465 1936 567 2011 Deus
593 1961 677 2012 earn
705 1936 781 2036 jam
807 1936 1061 2033 dereliquerit,
1099 1980 1103 2031 1

142 2037 241 2132 quod
273 2049 417 2132 tergum
430 2036 507 2135 jam
526 2039 696 2139 pertent:
723 2048 839 2133 utque
862 2038 1065 2124 vehemen-

140 2137 217 2214 tius
251 2162 335 2213 eam
363 2150 513 2235 urgeat,
553 2158 665 2233 quam
689 2137 912 2215 uiuacillrme
942 2142 1063 2217 eidem
1098 2132 1104 2269 ξ

137 2238 347 2416 persuadet,
374 2242 472 2334 quod
497 2241 669 2317 omnibus
693 2240 967 2320 tentationibus
979 2267 1064 2319 con·
1101 2292 1104 2355 4

91 2360 93 2366 ·
152 2339 302 2430 euserit,
322 2342 422 2438 quod
457 2340 711 2419 litcumulata
734 2341 909 2418 letalibus
933 2367 1063 2440 pecca·
1102 2358 1104 2379 ²

136 2443 208 2531 tie,
233 2443 334 2541 q'uod
359 2444 589 2532 daemonum,
613 2450 770 2539 quorum
801 2439 1061 2523 insultationes

123 2542 328 2620 'horribiles
363 2545 519 2621 nimium
537 2560 718 2640 quantum
737 2544 945 2641 experitur,
983 2571 1060 2624 rna·

131 2646 242 2720 nibus
266 2668 289 2721 a
314 2647 393 2722 Deo
415 2646 491 2744 jam
508 2644 552 2722 srt
568 2647 731 2725 tradita..
765 2645 912 2723 Exinde
926 2647 970 2724 in
982 2649 1065 2724 sen·

133 2742 174 2820 lu
209 2744 374 2821 interiori
386 2760 542 2823 ¹tantam
556 2740 817 2844 agitationem,
838 2749 1067 2844 angustiam,

79 2861 82 2867 ’
131 2844 356 2922 &furorem
384 2849 541 2938 excitat,
563 2862 610 2926 ut
640 2851 679 2926 in
703 2847 906 2926 exteriores
940 2849 1059 2928 subin·

128 2947 177 3025 de
207 2947 468 3055 desperationis
486 2949 589 3048 eiius
622 2972 857 3058 prorumpere
884 2969 1053 3049 cogatur.

132 3146 380 3314 nnsBeam
421 3128 649 3272 Angeia-'de
680 3151 850 3269 Fulginio
887 3152 927 3228 in
964 3155 1056 3231 vitae

344 3254 416 3331 luae
450 3257 597 3348 historia
636 3257 682 3333 de
707 3254 743 3331 se
769 3270 916 3344 narrat,
953 3254 1053 3353 quod

120 3348 372 3459 delperationo
397 3356 500 3481 lues
513 3359 711 3477 uiolenter„
730 3355 884 3450 addila,
907 3362 1062 3538 {anus-ge*
