2220 3870
113 160 199 269 3³6
270 62 638 280 osmari.
670 133 966 285 Effundam·

110 320 185 415 hoc
221 314 475 417 purgatorium
508 310 673 414 (prout
703 311 889 417 superiori!
911 318 998 419 capi

111 417 332 518 compellavi
362 413 382 514 )
407 416 501 493 adeo
525 413 591 490 diu
616 415 747 505 duret,
781 416 901 495 etiam
924 443 998 499 ext

111 523 166 603 est
186 516 442 604 nocellarium,
474 529 518 592 ut
550 514 739 594 sensitivus
760 518 951 616 appetitus
967 522 998 599 dl

109 621 225 744 posita
248 621 311 697 sua
334 618 533 694 rebellione
556 617 695 714 spiritui
717 643 794 695 nou
823 621 938 697 modo
952 620 998 717 sul

109 725 285 828 peierat,
328 719 389 795 sed
423 718 462 796 dt
498 719 661 815 quietem
677 706 686 721 ’
705 744 751 797 ac
794 717 998 804 serenitater

109 828 166 907 illi
191 825 417 917 relinquant,
442 840 516 916 qua
541 844 635 918 opus
657 819 782 910 habet,
808 836 851 899 ut
877 822 998 925 simpli

108 923 431 1111 ffioeffafeffoms
456 923 590 1009 obtutu
614 922 664 1001 ad
687 922 810 1003 Deum
840 923 877 1003 se
917 924 998 1006 attd

62 1247 65 1253 ’
107 1258 171 1316 er.
191 1227 383 1391 Verum
419 1224 610 1308 manifeste
648 1218 840 1331 perspicio,
875 1224 998 1307 utrem

328 1355 408 1408 rem
443 1353 635 1428 nunquam
658 1357 703 1425 eo
740 1344 998 1435 perventurum

108 1436 367 1530 mingentem
392 1435 653 1532 purgationum
682 1428 776 1511 adeo
809 1434 998 1511 acerbartir

105 1536 353 1617 uecellrtatem
388 1535 429 1609 in
457 1536 654 1623 animabus
679 1536 797 1635 prima
816 1535 939 1613 fronte
949 1538 998 1615 va

104 1641 156 1729 de
193 1635 441 1734 spiritualibus
474 1638 546 1712 rite
571 1637 846 1743 apprehendat,
882 1634 952 1713 nili
978 1662 999 1716 a

103 1736 306 1835 singularia
319 1735 536 1815 descendam
556 1739 710 1835 ,illique
735 1740 783 1815 oh
796 1738 927 1815 oculos
962 1765 998 1840 pt

104 1863 199 1921 uam
222 1839 403 1934 quosdam
425 1838 607 1929 defelius,
629 1836 671 1919 ‘dt
695 1839 893 1939 nonnullas
929 1837 998 1919 inor

101 1944 254 2021 diuatas
279 1938 476 2038 passiones,
519 1940 653 2037 quibus
675 1938 751 2023 illae
778 1944 858 2019 vita
881 1940 998 2042 spiriti

103 2042 160 2129 ali
190 2066 264 2115 non
299 2040 464 2119 obstante
498 2041 666 2141 subjeiiae
702 2040 772 2121 effe
790 2042 918 2120 solent.
961 2046 998 2121 D}

101 2142 146 2223 xi
169 2140 326 2241 quosdam
350 2140 508 2240 dussellum
534 2143 712 2239 siquidem
743 2168 875 2223 omnes
898 2169 998 2225 recer

54 2262 61 2277 ·
100 2243 181 2339 iere
212 2270 289 2323 non
311 2243 436 2323 minue
464 2242 657 2323 molestum
688 2268 803 2345 quam
832 2248 998 2325 nimisd

97 2356 282 2431 liturnum
313 2353 419 2423 foret.
472 2351 513 2425 Si
550 2372 638 2425 vero
663 2373 728 2425 eos
760 2348 801 2426 δι
835 2346 953 2427 fufius
984 2352 998 2429 l

101 2449 269 2527 exallius
308 2445 466 2544 digestos
502 2449 628 2526 videre
658 2451 802 2550 cupiat,
837 2450 892 2527 in‘
908 2452 948 2531 S.
963 2452 998 2555 Jc

101 2574 202 2631 anne
231 2550 402 2631 aCruce
428 2546 586 2653 primam
611 2547 738 2629 Nostis
764 2549 998 2654 obscuraupar

98 2664 181 2731 tem
220 2652 422 2751 pervolvat.
474 2656 562 2729 Dixi
586 2651 739 2751 firbjedln
761 2648 819 2753 effe
838 2649 998 2752 fidennu

98 2752 326 2843 iudicarem,
370 2778 445 2829 non
483 2778 615 2830 omnes
649 2753 711 2831 hic
748 2759 998 2835 enumerando

94 2851 264 2931 deiedus
297 2877 343 2932 ac
371 2851 548 2955 pastiones
574 2854 797 2934 omnihusiu
810 2856 932 2957 prima
951 2860 998 2937 l'm

99 2957 364 3055 purgationum
395 2956 513 3057 specie
541 2959 707 3059 repositis
741 2961 939 3051 animabus
953 2959 998 3049 ell

100 3078 344 3150 communes;
386 3058 448 3137 sed
484 3062 667 3159 quasdam
691 3058 776 3150 his,
811 3061 908 3146 alias
936 3060 998 3140 alli

99 3157 170 3235 elle
207 3159 398 3237 obnoxias.
450 3161 539 3239 Dixi
568 3162 667 3259 quod
693 3159 865 3259 subjedioe:
892 3166 999 3259 ,neuti

83 3281 212 3358 ¹quam
236 3273 363 3337 tamen
388 3263 505 3342 etiam
537 3261 636 3354 dixi,
665 3262 775 3362 'quod
811 3262 883 3341 fint
914 3290 998 3345 mar

81 3363 200 3469 diple
231 3360 694 3481 hujupmpdivpaffionum,
721 3388 768 3449 ac
796 3365 998 3451 defectuum
