2220 3870
235 193 415 332 predica
444 221 518 333 pro
551 187 758 294 dirediorel
908 229 990 311 501

69 361 216 454 rerunt,
239 365 278 442 in
295 366 411 466 ipsum
436 387 581 463 quoque
605 367 827 444 Diretiorem
844 364 912 443 effe
933 392 992 445 re·

69 465 342 563 dundaturanr3
367 491 454 545 nam
480 466 505 544 fi
526 467 670 566 spiritus
693 492 820 546 earum
846 471 892 546 ab
906 471 993 547 aliis

69 591 148 644 non
180 572 296 644 modo·
323 595 398 645 non
429 572 669 669 approbetur,
706 570 768 646 sed
805 571 994 673 rejiciatur

69 668 208 758 etiam,
238 671 395 770 ipsarum
425 673 540 748 etiam
562 671 688 747 dustor
713 673 992 773 vituperabitur,
1052 746 1054 751 ,

69 771 339 848 auc-traducetur
358 794 430 868 qua
452 771 686 861 indiscretus,
712 797 841 871 pamm
851 776 991 864 datius,

69 871 228 949 nimium
254 875 443 962 credulus,
468 875 663 963 incautus,
690 872 925 974 imprudeui:
952 876 994 956 dc

69 969 270 1070 iipersona
297 975 427 1051 afflraa
451 973 616 1052 faeminei
632 975 753 1052 ‘sexus
792 975 855 1066 srt,
895 977 993 1054 forte

69 1073 186 1149 etiam
220 1075 397 1152 castitatis
433 1075 514 1175 ejus
550 1077 670 1154 honor
698 1077 898 1176 vapulabit.
951 1078 993 1167 S,

69 1173 241 1252 Theresra
263 1178 311 1252 de
340 1176 403 1253 iuo
426 1177 657 1268 confeiiario,
693 1177 877 1256 societatis
910 1177 994 1280 Jesu

69 1273 274 1372 Religioio,
311 1279 351 1354 in
370 1279 454 1355 haec
477 1280 590 1358 verba
621 1279 765 1357 scribit:
814 1262 996 1397 'Tameia
1037 1357 1039 1360 ,

69 1374 113 1452 Θ
138 1378 278 1476 amplius
311 1416 329 1438 ·
360 1419 378 1437 -
412 1420 429 1437 ·
458 1378 549 1477 fiatis
572 1381 785 1483 molestiarum
809 1384 871 1456 mei
890 1378 996 1479 ‘causta

70 1474 114 1554 8
134 1504 196 1576 per
220 1505 270 1553 me
290 1479 400 1581 paffler
425 1484 467 1582 efl
490 1483 507 1540 έ
531 1521 548 1539 -
573 1482 694 1556 -adea
718 1495 919 1571 utaererer,
952 1480 1004 1556 ae'

70 1579 201 1654 tandem
226 1583 368 1657 invenire
391 1607 456 1656 aaa
477 1579 597 1682 paffem
618 1583 774 1679 aliquem,
818 1587 877 1680 qui
914 1579 1003 1665 mibi

69 1681 238 1778 confitenti
258 1707 353 1758 aures
375 1684 456 1758 dare
478 1683 593 1772 vaiet,
609 1681 674 1782 fid
698 1688 807 1759 omnes
828 1709 851 1757 a
875 1710 925 1759 me
939 1709 995 1758 ae·

69 1781 123 1859 iat
154 1784 301 1880 profirna
316 1787 498 1883 sugerent:
523 1788 635 1880 itaque
657 1788 692 1860 ia
717 1783 892 1862 lachrimas
923 1797 997 1861 tuta
1021 1804 1049 1865 ·,

69 1879 261 1981 refieivebar.
304 1881 383 1963 Sea
408 1884 477 1961 Dei
496 1885 706 1984 providentia
737 1890 786 1962 ira
809 1913 880 1963 eum
919 1910 1003 1984 per-⁴

69 1986 190 2072 mavit,
215 1997 254 2060 ut
278 2011 327 2060 me
350 1990 512 2085 patienter
526 1988 642 2085 serre,
660 1985 703 2064 ti
722 2013 817 2064 aures
839 1988 1004 2087 confitere«.

69 2089 97 2164 a·
121 2084 203 2161 daea
227 2085 389 2164 adiuerit:
414 2101 486 2164 erat
520 2090 642 2186 quippe
666 2103 735 2164 tam
759 2088 898 2187 Zeiasur
930 2088 1001 2164 Dei

69 2186 202 2276 servus,
228 2200 266 2262 at
290 2194 360 2288 ejus
384 2187 482 2286 caasa
513 2188 600 2262 nihii
621 2215 685 2261 nan
712 2189 868 2288 ientaffet.
901 2189 930 2277 (
961 2192 998 2265 in
1075 2217 1077 2225 ’

69 2291 138 2367 aira
161 2313 233 2386 cap.
261 2307 329 2377 28.
357 2292 385 2388 )
430 2290 576 2366 Interea
602 2289 765 2366 Diretior
796 2291 835 2364 in
858 2289 998 2364 talibus

69 2410 193 2470 rerum
224 2392 412 2488 adjuntiis
439 2390 522 2465 boc
553 2390 683 2466 ordine
726 2390 999 2489 progrediatur,

69 2491 98 2572 fi
124 2490 264 2568 sacrum
290 2493 395 2568 suum
418 2489 677 2580 ministerium,
702 2504 768 2568 aut
793 2489 999 2566 dotirinam

69 2594 175 2672 suam
210 2593 411 2693 vituperari
426 2586 589 2682 uideat,
616 2590 831 2690 respoudeat
861 2591 997 2666 dunta-

69 2708 157 2782 xat,
182 2695 428 2792 defendatque
459 2693 560 2770 suam
594 2692 765 2782 causam,
798 2691 922 2768 debita
939 2705 997 2768 ta·

69 2819 159 2874 men
202 2796 331 2892 utique
372 2797 512 2895 semper
554 2819 639 2870 cum
668 2794 868 2895 modestia:
906 2815 997 2871 nam

69 2898 111 2976 in
137 2895 312 2994 ejusmodi
350 2898 490 2975 caiibus
516 2895 623 2996 juxta
657 2895 697 2972 S.
722 2896 1012 2996 Hieronymum'

69 2995 290 3076 diffimulare
316 3024 392 3076 uon
420 2999 616 3076 convenit:
668 2994 812 3098 Nares!
859 2998 998 3072 atienria

69 3097 166 3176 beata
193 3102 212 3197 (
235 3101 348 3178 verba
378 3101 461 3177 sunt
494 3099 603 3176 santii
634 3096 799 3174 Dostoris
835 3022 996 3195 iconam

69 3199 250 3279 riedirierum
275 3215 336 3277 aut
352 3202 455 3300 fidem
478 3194 680 3275 carutium
695 3198 851 3299 sustinere
875 3195 996 3273 caiana·

69 3300 183 3388 aiam,
208 3325 310 3396 neque
336 3301 455 3400 Christi
480 3299 648 3396 Discipuli
670 3297 871 3402 diffenuiare.
900 3294 931 3392 (
960 3299 996 3374 in

69 3399 145 3503 Ep.
167 3402 214 3481 ad
236 3402 322 3504 Iius.
348 3399 369 3505 )
390 3403 433 3483 Si
452 3400 647 3481 maledicae
658 3400 841 3504 ejusmodi
857 3398 998 3496 lingua

382 3622 385 3629 Ι
441 3501 549 3609 ,113
878 3522 946 3584 au·
