2220 3870
83 172 119 285 '4
177 146 346 257 Tr.'sV.
357 150 493 292 Capi.
521 155 661 290 Qor,
683 174 746 263 εν
769 155 906 295 quales
980 224 984 234 „

86 328 158 407 dus
182 324 380 406 &ordinis
406 323 612 409 nobilioris,
638 321 677 399 &
697 323 745 400 ab
767 325 1003 402 inimicorum

85 425 289 511 nostrorurvi
316 424 540 526 illusionibus
563 424 759 500 securiores
776 424 868 519 elle;
895 426 1003 521 siqui·

87 533 176 606 dein
211 530 251 604 in
288 526 374 602 fidei
405 527 512 604 valde
543 525 757 617 illustratae,
787 527 1002 603 &fervidae

87 631 257 711 caritatis
278 628 446 716 assibus,
470 626 605 723 quibus
628 628 752 703 anima
771 629 851 703 Deo
872 649 1004 725 appro-

41 808 49 815 ,
85 735 265 834 pinquat,
292 753 336 805 ac
360 732 512 806 tandem
532 728 646 803 etiam
671 752 757 813 curn
778 753 824 824 eo
849 727 1005 827 conjun-

87 835 207 931 gitur,
230 828 447 919 consillunt,
472 828 510 904 dr
526 829 726 927 stygiorum
741 829 899 905 hostiurn
921 852 1003 905 iria·

86 934 170 1012 litia
195 932 412 1026 neutiquam
435 944 514 1005 tarn
539 929 724 1018 faciliter,
760 943 804 1007 ut
824 929 1000 1020 visiones,

21 1110 27 1121 ,
86 1035 128 1121 &
161 1033 366 1117 locutiones
402 1030 600 1108 adulterari
635 1029 786 1135 possunt.
862 1031 1002 1108 Verum

88 1157 138 1225 ex
162 1136 236 1210 lioc
261 1131 353 1232 ipso,
380 1134 478 1227 quod
494 1132 639 1207 favores
654 1131 825 1211 Traslatu
846 1132 918 1211 hoc
937 1135 1002 1207 de·

87 1235 252 1313 clarandi
277 1232 548 1332 periculosiores
574 1232 663 1321 sint,
688 1225 819 1330 'majori
839 1257 924 1309 cuni
945 1247 1003 1310 at-

87 1338 255 1416 tentione
279 1359 302 1410 a
322 1335 505 1410 Diretiore
525 1357 590 1410 eos
616 1334 752 1432 perlegi
776 1347 938 1432 oportet,
961 1349 1004 1413 ut

90 1439 236 1518 animas
261 1433 335 1510 suae
360 1459 384 1512 a
406 1437 485 1512 Deo
510 1458 609 1512 curae
634 1436 866 1511 concreditas
891 1439 937 1512 ab
962 1463 1004 1513 o·

88 1539 169 1624 uini
194 1538 506 1622 circumventione
532 1537 728 1614 defendere
754 1536 853 1614 sciat.
892 1625 895 1630 ,

316 1877 666 2027 ΟᾈΡΠΤ
746 1887 862 2012 L.

90 2090 231 2246 Qvi,
256 2098 525 2260 &qualibus
543 2097 755 2233 oifionibas
780 2142 843 2202 rei
866 2138 1001 2207 extra·

35 2334 38 2340 Ι
107 2298 110 2305 -
182 2243 352 2322 ordinario
375 2241 474 2317 modo.
493 2265 516 2314 o
537 2236 630 2316 nobis
652 2235 905 2343 conspiciantur,
952 2328 955 2333 ,

454 2340 649 2423 declaratur.

87 2510 125 2632 4,
208 2495 211 2500 .
240 2549 310 2607 uos
336 2525 500 2627 scopulos
521 2522 566 2602 'in
590 2524 662 2604 hac
685 2582 696 2616 ,
720 2544 841 2625 'quani
863 2504 1014 2626 pertrass

99 2708 102 2715 .
151 2536 397 2739 Dilaturi
423 2626 587 2714 suiuus,
633 2627 811 2705 visionum
831 2630 1005 2706 ,materia

101 2811 106 2819 ,
264 2730 383 2807 multa
418 2752 505 2804 cum
541 2728 770 2806 solicitudine
819 2716 1004 2806 declinare

87 2841 243 2932 oportet
309 2828 373 2906 Ad
397 2831 558 2928 primuni
583 2831 792 2942 impingunt
805 2831 1006 2917 ‚nonnullae

85 2934 250 3034 personae
279 2930 437 3006 nimium
468 2930 660 3020 credulae,
702 2953 786 3028 quie
799 2932 888 3007 „nec
921 2931 1006 3006 dili·

87 3033 201 3135 genti,
218 3034 406 3122 examine,
421 3054 490 3106 nec
516 3031 642 3108 exasla
666 3030 896 3128 inquisitione
911 3054 1007 3131 prae·

86 3132 190 3223 inissa
214 3134 316 3209 omni
341 3131 493 3221 visioni,
518 3155 541 3209 a
565 3154 783 3228 quacunque
808 3133 1007 3211 muliercu-

72 3235 126 3315 la
151 3246 217 3312 aut
237 3233 320 3309 rudi
344 3233 495 3309 homine
528 3232 685 3321 relatae,
719 3234 866 3332 plenam
892 3231 1008 3311 fidem

87 3335 288 3428 adhibent,
321 3357 406 3418 eam
433 3335 690 3440 admiramur,
715 3336 940 3518 adsmbfant’
966 3333 1008 3414 δι

106 3485 118 3506 ·
151 3511 154 3516 .
205 3457 214 3477 “
859 3457 960 3519 elme
