2100 3870
134 176 325 318 publici
352 208 423 312 pro
458 157 661 276 diremre.
755 150 757 155 ⁵
821 140 906 306 r09

65 351 255 431 rfavores
278 347 507 447 recipiendos
541 346 699 435 babent,
733 348 910 450 ineptitu.

65 481 136 546 un,
159 469 246 530 tum
267 453 314 530 ob
336 450 469 546 ingens
479 451 520 526 in'
531 449 631 524 mille
653 448 857 544 illusiones,
882 455 911 534 u
1011 458 1014 468 ’

65 582 81 634 s
124 554 362 655 acciperent,
393 551 825 673 incidendipericulum.

65 768 342 932 Momrum
384 764 609 866 anmnuj
688 778 830 858 Eadem
864 785 912 860 de

201 879 323 958 cauda
348 879 561 956 direstorem
586 891 737 956 cautum
762 879 831 958 esse
871 910 913 959 0-

65 999 111 1063 :et
162 986 205 1061 in
244 981 435 1059 credendis
465 979 663 1056 visionibus
695 976 910 1074 mulierum,

65 1109 144 1185 luae
175 1084 360 1162 ordinarie
384 1082 507 1160 vivaci
531 1079 720 1181 phantasia
754 1082 931 1162 suntdo·-

65 1213 110 1278 e,
157 1186 198 1264 &
241 1211 290 1261 ex
320 1183 549 1285 'praepostera
572 1181 729 1260 visiones
753 1183 915 1264 habendi

65 1292 168 1367 idine
198 1285 355 1389 propriis
381 1282 706 1381 imaginationibus
738 1307 812 1363 non
832 1303 914 1366 raro

65 1393 244 1493 ipiuntur.
295 1389 354 1464 Ex
380 1399 587 1481 quotamen
601 1386 817 1481 neutiquam
839 1389 916 1464 col·

65 1517 88 1571 u
113 1493 258 1578 veiim,
282 1489 381 1584 quod
407 1512 429 1563 a
454 1487 629 1576 direstore
664 1485 916 1568 assumendum

74 1591 298 1694 principium
323 1589 432 1683 iilud,
473 1591 571 1686 quod
604 1588 753 1685 quidam
778 1591 818 1666 in
843 1591 916 1668 viis
1007 1609 1010 1615 ’

65 1696 142 1773 ritus
158 1715 302 1793 ¹parum
323 1690 455 1767 versati
471 1689 701 1768 conscientiae
721 1692 847 1770 arbitri
860 1693 918 1771 ind

65 1792 308 1874 rindubitati
345 1788 543 1869 axiom'atis
579 1794 694 1870 menti
735 1795 917 1892 profunde

65 1897 210 1997 preffum
260 1895 540 1984 circumferunt,
561 1897 659 1991 quod
694 1892 829 1973 scilicet
852 1897 920 1972 fae·

65 2002 111 2077 uis
136 1998 297 2078 visiones
318 1996 578 2094 recipientibus
605 2017 724 2094 neque
748 1998 824 2075 ulla
849 2023 919 2074 un·
978 2084 983 2091 ⁶

65 2125 114 2178 un
164 2100 275 2175 fides
313 2096 500 2186 habenda,
527 2118 646 2194 neque
671 2099 784 2175 etiam
810 2122 919 2177 aures

65 2199 303 2281 ebendaefint.
327 2196 632 2294 Quandoquidem
643 2198 814 2292 foeminis,
827 2223 923 2298 quas

65 2330 106 2381 us
131 2299 288 2380 excelsis
313 2301 499 2378 favoribus
524 2301 748 2390 cumulavit,
763 2301 921 2378 historice

65 2405 269 2484 clefiasticae
300 2402 526 2490 redundant,
560 2425 629 2476 nec
649 2401 834 2479 ullatenus
845 2425 925 2479 cre-

65 2509 115 2587 ile
151 2508 320 2592 viderur,
346 2505 445 2602 quod
470 2504 590 2593 Deus,
638 2506 701 2600 qui
726 2504 924 2604 praeteritis

65 2612 148 2687 mlis
175 2607 249 2684 sese
272 2605 346 2682 illis
369 2610 462 2682 adeo
485 2604 675 2683 liberalem
701 2605 927 2695 monstravit,

65 2711 239 2812 oporibus
275 2708 405 2784 nostris
451 2705 485 2782 ie
525 2730 613 2803 erga
657 2706 739 2809 ilias
772 2730 927 2785 avarum

65 2813 184 2892 bibere
200 2809 305 2888 velit.
355 2809 448 2885 Dico
474 2807 711 2897 solummodo,
737 2810 835 2906 quod
848 2833 928 2886 ma-

65 2939 198 2994 ecum
224 2900 398 2989 cautione
434 2908 731 3008 procedendum,
757 2910 855 3006 quod
870 2930 931 2987 res

78 3017 298 3116 regularum
321 3012 393 3095 hoc
418 3009 458 3089 dc
484 3009 725 3108 superioribus
750 3011 934 3110 capitibus

65 3122 235 3196 dirarum
276 3133 445 3190 normam
485 3112 679 3208 diligenter
718 3115 933 3189 examinan-

71 3220 210 3318 ,quod
242 3216 336 3292 nibil
373 3236 538 3310 unquam
574 3211 649 3293 sru'e
680 3210 793 3290 solido
824 3217 940 3291 ratio·

65 3346 103 3398 m
125 3321 375 3398 fundamento
401 3314 645 3392 decidendum
660 3371 670 3403 ‚
684 3317 872 3410 quodque,
894 3312 939 3389 sr-

65 3423 115 3504 id
131 3423 176 3515 iu
196 3417 381 3504 visionum
412 3418 580 3500 favorem
599 3411 937 3604 decidendumssii·

258 3612 321 3729 2>
