2220 3870
89 175 148 260 16
236 160 302 260 Tr.
334 163 406 262 IV.
432 164 532 300 Cap.
558 160 612 257 ll.
640 149 758 299 Qid
788 157 889 291 alfio

88 354 134 406 ea
160 338 203 406 ut
225 328 1004 431 superstitionesexplodunt,&neutiquam

87 446 132 509 ut
157 432 325 509 historias
347 430 561 532 suspiciunt,
587 430 648 508 fed
673 433 796 529 potius
822 453 895 526 qua
920 432 1015 513 ani-.·

89 534 255 609 cularum
279 533 442 622 fabulas,
480 534 519 612 δι
552 545 821 632 corruptarum,
859 557 903 608 ac
944 535 1004 608 in-

82 632 255 721 sanarum
278 637 458 713 mentium
479 635 715 712 delirationes
728 633 891 709 irrident.
919 635 1003 734 Jam

86 735 239 830 quidam
261 734 393 813 horum
419 738 571 913 (Lprout
593 736 633 812 P.
649 736 832 812 Martinus
858 735 917 809 del
933 737 1004 811 Rio

86 834 241 933 Dispais.
257 834 397 935 Magia.
462 898 470 913 .
501 865 533 915 2.
559 859 591 933 q.
620 843 679 915 ab.
697 833 779 912 Seu.
815 859 871 935 17.
899 860 1004 932 egre·

87 937 148 1033 gie
171 936 336 1017 observat
361 943 390 1038 )
417 938 516 1015 nulla
542 936 684 1041 prorsus
709 935 851 1013 ratione
882 952 1016 1014 attam·¹

87 1039 200 1115 dandi
233 1039 317 1115 sunt
351 1063 424 1136 qua
463 1039 596 1128 Arbei,
619 1038 658 1114 δι
685 1039 804 1114 Deum
830 1039 1014 1125 existere„

54 1164 57 1169 ·
88 1137 129 1216 dt
153 1141 316 1221 animam
342 1141 590 1220 immortalem
615 1136 684 1214 else
710 1153 911 1237 negantes:
946 1140 1016 1219 lsti-

87 1240 189 1316 enim
222 1242 330 1319 stulta
361 1242 424 1319 sua
454 1243 592 1342 judicia
624 1240 738 1339 impio
761 1241 850 1316 huic
872 1240 1005 1317 funda·

85 1354 214 1419 mento
239 1342 545 1443 superimponunt.
602 1341 719 1427 ‚Alios
738 1343 945 1417 nonnullos
958 1366 1007 1419 ex

90 1468 136 1520 eo
160 1446 347 1521 contemni
373 1459 537 1544 oportet,
564 1444 663 1541 quod
688 1440 815 1518 haeresi
843 1442 911 1518 smt
948 1445 1006 1518 in·

89 1543 197 1634 felli,
230 1544 365 1645 &pro
400 1548 594 1623 animabus
626 1545 727 1643 justis
751 1545 1014 1642 purgatorium·

91 1646 173 1722 dari
196 1663 351 1741 negent:
394 1669 552 1742 cumque
587 1645 838 1720 defunctorum
863 1647 1006 1722 anima·

88 1768 171 1822 rum
198 1748 486 1845 apparitionibus
499 1747 594 1822 hanc
613 1745 699 1820 fidei
711 1745 904 1821 veritatem
926 1762 1017 1823 mad·

89 1871 249 1945 gnopere
274 1848 422 1925 stabiliri
446 1870 491 1923 ac
516 1846 739 1933 corroborari
765 1843 1005 1945 perspiciant,

90 1970 221 2025 omnes
245 1962 288 2026 ut
307 1972 424 2026 vanas
449 1946 668 2046 despiciunt,
706 1945 883 2023 obstinate
916 1964 1012 2023 coni

90 2051 307 2139 tendentes,
330 2050 429 2145 quod
452 2049 554 2126 nulla
579 2052 703 2125 anima
726 2072 772 2123 ex
797 2048 912 2125 altera
948 2051 1006 2125 vi·

23 2220 26 2225 .
89 2152 292 2241 teredine,
318 2164 384 2226 aut
407 2150 525 2225 oculis
548 2150 678 2226 nostris
714 2172 888 2247 apparere
924 2150 1017 2249 poss,¹

89 2251 152 2328 fit:
188 2265 266 2328 tam
296 2252 553 2329 authenticum
575 2252 676 2326 enim
705 2265 832 2327 contra
862 2272 1007 2327 errores

88 2353 172 2430 suos
196 2352 441 2432 testimonium
466 2351 634 2429 sustinere
663 2366 863 2447 nequeunt.
927 2352 1007 2429 lilii

91 2455 242 2531 demum
264 2475 385 2550 neque
402 2454 536 2551 Atbei,
563 2476 682 2550 neque
723 2450 918 2541 Haeretici,
943 2452 1007 2530 sed

92 2556 249 2632 nimium
278 2556 465 2631 increduli
483 2556 584 2644 lunt,
608 2578 696 2632 nam
718 2578 824 2643 cum,
848 2555 1016 2651 qualiter·

93 2657 217 2732 anima
240 2681 264 2732 a
289 2678 438 2756 corpore
454 2654 632 2754 ‘separata
660 2653 777 2731 oculis
794 2656 1008 2734 mortalium

90 2755 128 2833 se
158 2755 335 2834 vifibilem
368 2759 519 2833 reddere
544 2756 666 2855 poffit,
702 2779 831 2855 capere
853 2781 1020 2834 nonva·-

93 2857 217 2951 leant3
243 2883 372 2934 omnes
395 2859 469 2947 has
483 2858 730 2956 apparitiones
757 2858 1011 2955 imprudenter

93 2973 252 3055 negant,
291 2984 375 3035 cum
412 2959 535 3057 potius
568 2958 859 3036 imbecillitatem
903 2958 1009 3037 suam

94 3062 193 3136 circa
228 3060 442 3160 hujusmodi
471 3061 595 3136 arcani
629 3059 912 3156 intelligentiam
950 3060 1010 3137 fa·

93 3162 166 3237 teri
195 3174 423 3238 tenerentur:
458 3176 566 3260 prout
590 3161 628 3236 S.
662 3160 887 3258 Augustinus
914 3157 1011 3260 >E-

89 3263 165 3364 pist.
198 3288 278 3337 100.
304 3265 332 3362 )
358 3265 472 3340 heroa
501 3263 711 3340 humilitate
750 3286 834 3340 eam
868 3262 1020 3341 confes-z

96 3360 158 3447 tus
188 3363 270 3443 fuit
319 3364 373 3446 Hi
393 3377 436 3446 ut
471 3364 518 3444 de
543 3365 700 3469 veritate
736 3362 891 3544 perluag
925 3365 1022 3442 red·

892 3489 959 3546 an·
