2220 3870
69 104 877 297 {summmmm

101 329 143 405 di
168 323 375 404 adhaesrone
401 325 528 402 autem
553 335 731 420 tanquam
753 350 801 401 ex
827 325 952 402 radice
976 322 1029 402 ii

98 429 138 510 bi
163 427 308 604 propria
333 442 434 504 certa
460 427 655 523 quaedam,
681 449 793 523 quam
818 427 945 503 anima
971 430 1020 504 de

101 524 173 608 se
164 528 238 629 rpsa
264 530 442 627 concipit,
468 528 685 617 obiediatio,
711 553 755 605 ac
779 550 877 604 vana
915 529 1028 605 sarisa

99 632 218 710 faitiu
248 629 457 723 enascitur3
493 642 676 726 quatenus
710 652 836 706 coram
862 630 961 722 Deo,
998 655 1024 709 a

77 753 173 831 ,quo
200 733 323 807 varios
349 733 387 807 in
413 732 446 806 ie
467 730 613 807 favores
638 732 842 808 redundare
879 689 1022 832 conspi-

2 840 4 851 '
100 835 173 918 cit,
208 831 316 910 fibi
306 857 382 932 jam
407 833 607 928 quidquam
634 831 705 932 effe
727 834 901 908 videtur:
936 846 1020 930 quae

101 933 204 1012 omni
256 933 391 1032 spiritui
417 932 636 1031 periculosa,
660 935 736 1007 imo
761 935 888 1009 fatalia
918 935 1020 1030 suot3

100 1061 177 1117 non
206 959 308 1122 inim
342 1061 427 1111 eum
462 1037 665 1123 duntaxat,
699 1050 742 1112 ut
768 1037 846 1112 alii
857 1035 1021 1115 defectus

99 1135 237 1225 soient,
263 1137 478 1224 debilitant,
505 1128 564 1209 sed
590 1138 741 1213 omnino
786 1137 1022 1234 extinguunt.

33 1276 36 1283 ¹
97 1239 330 1337 Quapropter
356 1242 437 1335 quis
463 1264 535 1312 non
562 1239 676 1324 videt,
704 1239 816 1315 dictas
850 1242 1020 1332 vibones,

97 1335 172 1418 nisr
206 1339 336 1428 sancii,
379 1363 470 1458 quos
497 1341 633 1416 animae
658 1340 895 1438 imprimunt,
933 1299 1022 1419 effe-¹

101 1439 182 1518 stus
207 1442 424 1517 haecomnia
451 1440 737 1539 compensarent,
755 1443 880 1544 potius
895 1455 941 1520 ut
956 1454 1023 1584 no*

99 1543 191 1623 uias
210 1542 288 1620 fore
313 1541 539 1643 fugiendas?

96 1760 168 1844 '50
262 1748 369 1843 ertio.
429 1744 597 1827 Visiones
633 1654 763 1837 multis
795 1694 1022 1867 iliufionibus

288 1847 370 1925 sunt
395 1846 586 1946 exposrtae,
612 1871 681 1922 nec
705 1848 863 1945 reperire
894 1844 1022 1926 esta

100 1947 263 2037 nimam,
290 1952 405 2026 etiarn
430 1948 525 2023 resto
537 1948 750 2053 -Deispiritu
766 1949 1020 2044 gubernatam,

67 2092 68 2097 =
100 2071 188 2145 quae
211 2051 308 2128 inter
331 2051 470 2127 multas
490 2028 627 2125 sanitas
644 2048 797 2127 visiones
813 2075 889 2126 non
905 2073 1021 2146 quan

99 2151 223 2248 doque
246 2152 307 2230 vel
333 2178 357 2229 a
382 2151 572 2236 daemone,
599 2151 658 2226 vel
690 2176 711 2227 a
737 2154 882 2249 propria
904 2154 1021 2250 pban

98 2251 191 2328 tasra
224 2254 452 2352 decipiatur.
535 2251 592 2327 Ita
640 2266 683 2328 ut
725 2251 913 2340 visiones,
955 2253 1018 2330 nisr

97 2351 301 2430 sanititatis
326 2353 430 2429 efferi
432 2376 476 2429 us
502 2352 623 2428 secum
648 2354 803 2440 ferrent,
830 2356 946 2432 etiarn
973 2378 1019 2432 ex

89 2453 172 2532 boc
197 2457 318 2553 capite
338 2456 462 2554 potius
483 2453 803 2553 pertimescendae,
830 2477 943 2554 quam
957 2459 1020 2535 de·

86 2554 299 2699 fiderandae
325 2557 448 2635 effent.
919 2620 922 2626 «

97 2777 160 2856 ⁵¹
151 2692 1021 2978 Hbridirrutiibdiriddd:

93 2957 226 3048 stones,
250 2963 364 3039 etiarn
391 2962 526 3050 bonas,
547 2962 586 3039 dt
603 2961 741 3038 sancias
756 2963 1017 3061 recipientibus

68 3084 222 3158 gerere
247 3064 391 3140 debeat.
445 3061 641 3162 Praecipiet
666 3063 759 3151 iliis,
785 3078 829 3139 ut
854 3063 1017 3183 ejusmo·

89 3162 136 3241 di
160 3164 431 3262 apparitionum
458 3161 604 3241 succum
628 3189 675 3240 ac
700 3166 901 3242 medullam
926 3168 1016 3242 arri·

118 3263 215 3351 i,ant
226 3264 265 3340 &
290 3261 427 3339 nullius
449 3264 567 3363 frugis
592 3266 767 3343 corticem
792 3267 1014 3362 relinquant.

32 3285 215 3511 ¹¹¹¹
212 3365 388 3559 dicerer
377 3381 557 3529 imperet
558 3368 633 3485 iis,
657 3383 725 3464 ut,
748 3367 1012 3550 postquarpovi·
